3090 5116
147 284 187 345 96
457 288 461 294 “
517 279 554 340 G.
573 278 658 339 XIV.
697 277 774 338 RES
794 223 1017 339 lttlLl'rlms.

144 411 315 471 Praefectos
333 411 465 471 Fabrdm
484 413 634 470 communi
651 412 889 489 antiquariorum
907 413 1047 488 opInione
1066 411 1149 470 credi
1167 411 1255 470 civile
1280 428 1389 470 sununs

145 505 225 563 domi
248 524 337 574 suae,
371 507 435 563 site
460 507 493 562 iu
516 503 686 562 civitatibus
711 507 774 562 suis
799 505 994 574 sustinuisse,
1029 524 1091 563 nou
1116 507 1148 562 in
1172 502 1267 576 bello3
1301 504 1391 563 sinuul

145 601 281 676 qnaeris,
303 618 342 657 an
362 595 507 677 συνεργὸς
523 608 594 656 tuns
613 618 630 655 a
648 598 798 671 communi
817 600 873 656 hac
892 600 1038 657 sententia
1059 601 1258 657 secessionem
1275 599 1391 657 faciens

146 690 350 760 aberraverit,
377 709 490 761 necne,
517 693 567 770 qni
587 692 760 750 Praefectos
779 691 911 750 Fahrdm
927 693 1131 751 tantummodo
1149 694 1270 750 militiae
1289 704 1393 752 traus-

147 787 314 861 scripserit.
355 804 384 842 v.
413 784 493 843 oliv.
522 784 559 842 ad
583 787 691 840 Marm.
718 786 830 842 Pisaeo.
854 805 886 862 p.
908 789 973 846 tto.
1013 785 1117 845 vasta.
1141 788 1220 845 Faus.
1243 786 1323 842 Rom.
1347 786 1393 843 ed.

147 878 243 935 Potin.
262 898 293 955 p.
319 885 384 941 282.
403 907 444 925 -
470 878 599 948 Errant,
627 897 693 935 meo
712 877 831 956 quIdem
848 879 974 950 iudicio,
1001 881 1052 957 qui
1072 880 1296 937 Praefecturam
1314 881 1393 937 hauc

147 990 186 1029 ex
210 957 434 1029 militia'veteri
456 971 572 1030 tollant.
611 972 648 1029 In
673 971 854 1030 exercitibus
880 974 959 1030 enim
978 974 1122 1031 Romanis
1141 974 1315 1031 Praefectos
1332 973 1394 1031 Fa·-

146 1063 355 1135 brdmfuisse,
376 1075 518 1122 constans
538 1076 569 1122 et
587 1076 669 1123 certa
689 1075 736 1122 est
754 1068 991 1144 antiquariorum
1009 1069 1173 1125 sententias
1192 1066 1241 1124 vel
1255 1067 1394 1144 Lipsinm

147 1159 215 1217 vide
235 1158 386 1214 Poliorcat.
410 1158 472 1214 Lib.
491 1165 519 1220 5.
546 1159 619 1232 Opp.
637 1158 736 1216 Vesal.
767 1160 805 1216 T.
826 1167 855 1222 5.
881 1178 913 1235 p.
933 1165 1000 1222 5⁸7.
1040 1159 1101 1218 Sed
1119 1170 1149 1217 et
1164 1161 1231 1218 allos
1249 1172 1322 1237 puto
1342 1178 1394 1218 er-

147 1270 233 1322 rare,
268 1254 319 1330 qui
342 1262 469 1329 negant,
502 1253 534 1309 iu
560 1251 730 1310 civitatibus
757 1271 891 1331 qnoque,
926 1255 1112 1329 municipiis,
1145 1253 1271 1311 coloniis
1298 1255 1393 1312 fuisse

147 1347 319 1406 Praefectos
337 1343 479 1405 Fabrslm.
516 1345 653 1422 Duplicis
679 1357 762 1404 certe
788 1348 906 1423 generis
925 1346 1098 1405 Praefectos
1117 1345 1251 1404 Fabrilm
1273 1358 1391 1409 veteres

147 1439 286 1498 habuisse
304 1440 377 1497 mihi
395 1458 513 1515 semper
538 1450 609 1496 sunt
628 1441 703 1497 ufai:
731 1439 806 1496 alios
833 1440 971 1508 militiae,
998 1440 1079 1498 domi
1102 1440 1193 1499 alios:
1221 1441 1288 1498 illos
1313 1440 1393 1498 mili-

147 1545 246 1603 tares,
276 1535 331 1591 hos
351 1533 544 1609 municipales
570 1532 649 1591 haud
671 1532 857 1591 incommode
877 1533 1050 1593 dixerImns.
1089 1532 1215 1613 Utrique
1234 1537 1266 1592 in
1283 1534 1415 1610 lupisli·⁸

146 1625 203 1686 bus
223 1628 472 1705 frequentissimis
500 1626 553 1683 sed
575 1628 632 1697 ita,
659 1638 695 1684 ut
717 1627 912 1704 municipales
936 1628 1024 1685 citius
1042 1647 1061 1685 a
1077 1626 1273 1710 militarilpus,
1303 1646 1394 1706 quam

146 1723 292 1779 militares
321 1741 339 1778 a
366 1717 594 1797 municipalibus
626 1720 809 1798 distinguam
843 1720 993 1778 iutcrdrun
1019 1722 1117 1779 utrius
1144 1734 1244 1799 potius
1272 1722 1392 1800 generis

148 1818 228 1885 sint,
250 1816 379 1872 nescias.
1022 1858 1025 1863 .

222 1908 264 1983 A)
303 1908 362 1982 Qui
377 1907 526 1966 Praefecti
539 1905 671 1967 Fabrdm
686 1909 827 1985 leguntur
846 1907 961 1967 adiecto
975 1908 1036 1967 loci
1055 1919 1106 1966 aut
1123 1908 1241 1986 collegii
1258 1910 1390 1978 nomine,

149 2000 298 2060 urbanum
317 2021 370 2059 seu
390 2004 477 2061 civile
495 2020 621 2072 munus,
641 2021 703 2059 uon
722 2002 861 2062 bellicum
880 2013 1048 2081 gesserunt.

224 2095 277 2154 Sic
307 2096 448 2154 PRAEF.
482 2095 598 2153 FABR.
633 2095 787 2154 ROMAE.
827 2096 915 2154 Grut.
943 2099 1015 2166 467,
1050 2102 1078 2157 7.
1129 2092 1392 2155 PRAEFECTVS

148 2189 265 2249 rann.
288 2188 403 2248 casn.
430 2194 504 2260 ass,
524 2193 553 2249 a.
592 2188 733 2247 ruane.
755 2189 920 2261 conngn
939 2189 1056 2246 rasa.
1084 2195 1137 2259 12,
1157 2198 1186 2252 a.
1326 2178 1329 2183 ’

222 2283 262 2360 Β)
300 2282 335 2343 Si
366 2283 511 2352 addatur,
552 2284 637 2340 cuius
669 2284 735 2361 quis
766 2282 891 2360 legionis
922 2283 1096 2341 Praefectus
1126 2280 1258 2341 Fabrdm
1289 2284 1392 2353 fuerit,

148 2379 257 2436 munus
283 2378 405 2434 omnino
428 2377 573 2446 militare,
604 2395 666 2434 nou
679 2371 775 2434 'civiIe
800 2374 953 2434 habemus.
993 2375 1045 2435 Sic
1064 2375 1107 2434 Μ.
1127 2376 1333 2435 ALCVIMVS
1351 2376 1391 2435 1..

148 2471 184 2528 n.
208 2470 251 2529 aa.
277 2470 317 2528 Ν.
345 2468 548 2529 anulinus
574 2467 835 2530 snansncsvs
862 2470 978 2528 rasa.
1005 2470 1096 2528 nnn.
1113 2456 1172 2528 iii.
1200 2470 1391 2530 raarmc.

148 2565 223 2641 Leg.
263 2562 469 2622 ALCVMIVS
495 2581 533 2620 ex
551 2563 616 2620 aliis
635 2561 772 2620 versibus
792 2563 921 2642 quinque
940 2566 972 2620 iu
991 2563 1110 2621 Reincs.
1131 2563 1213 2621 VIII.
1232 2567 1280 2628 65.
1303 2575 1392 2622 etex

150 2655 297 2715 indicibus
319 2656 464 2715 Gudianis
482 2650 551 2735 pag'.
570 2655 715 2714 LXXIX.
736 2675 764 2712 a.
784 2674 852 2715 voc.
871 2659 1033 2725 Ateaamius,
1062 2655 1113 2715 uhi
1131 2668 1201 2734 pust
1218 2656 1391 2716 Reinesium

151 2769 188 2809 cx
200 2749 323 2827 Ligurio
342 2749 440 2808 datur.
467 2751 510 2809 At
528 2752 560 2807 in
579 2768 669 2826 opere
683 2749 807 2808 Gruteri
825 2753 1005 2819 vastissimo,
1026 2762 1070 2808 tot
1087 2753 1223 2827 priorruu
1241 2749 1394 2831 συλλογὰς

151 2845 322 2922 complexo,
353 2861 390 2901 ne
409 2862 487 2901 unus
507 2844 626 2922 quidem
643 2844 816 2902 Praefectus
835 2842 967 2902 Fabrdm
990 2844 1105 2903 adiecto
1126 2844 1251 2924 legionis
1269 2845 1392 2903 nomine
1476 2852 1480 2858 “

151 2940 300 3006 occurrit,
332 2955 428 3016 neque
451 2938 647 2995 ReInesianus
675 2937 766 2994 index
791 2949 893 2996 sextus
924 2939 983 2995 nisi
1008 2956 1101 2995 unum
1127 2938 1209 2995 illum
1236 2939 1321 2995 novit
1351 2956 1393 2997 ex

149 3031 318 3101 v111.6s.‚
350 3033 399 3089 cui
422 3042 523 3089 tamen
548 3028 624 3088 alius
644 3030 754 3088 eodem
776 3030 866 3088 modo
889 3028 985 3090 dictus
1004 3048 1098 3107 prope
1116 3030 1232 3089 adsidet
1249 3032 1283 3090 iu
1301 3031 1390 3090 Rein.

150 3124 232 3184 VIII.
250 3129 298 3185 6⁵.
319 3124 358 3197 Q.
378 3123 610 3183 ANCHARIVS
630 3123 666 3182 L.
686 3124 721 3182 F.
741 3123 1024 3182 NICOSTRATVS
1045 3125 1155 3182 FABsr
1172 3125 1226 3183 ET
1246 3124 1390 3184 PRAEP.

149 3217 267 3277 FABR.
293 3218 384 3276 LEG.
404 3206 477 3276 XX.
516 3217 764 3296 Aliquammultos
783 3226 857 3275 vero
875 3218 1046 3276 Praefectos
1066 3217 1196 3276 Fabrdm
1215 3217 1315 3276 addito
1333 3237 1393 3277 no-

148 3316 229 3370 mine
254 3313 396 3388 legionis,
429 3311 569 3370 collectos
593 3312 661 3368 vide
687 3312 718 3367 iu
741 3311 822 3365 ludet.
845 3311 916 3365 Gead.
941 3331 1009 3388 pag.
1031 3310 1144 3369 XVIII.
1168 3313 1326 3371 Reinesins
1351 3311 1392 3371 ad

149 3406 268 3465 titulum
286 3408 419 3482 priorem
441 3407 504 3462 sive
524 3407 714 3458 Akunstorum
739 3402 775 3461 de
794 3403 985 3461 Praefectura
1005 3403 1136 3462 Faba-dm
1159 3406 1282 3465 militari
1305 3408 1391 3482 pisce

149 3503 245 3578 magis
270 3510 316 3557 est
339 3509 456 3555 mutus:
482 3509 522 3556 -at
545 3516 620 3577 quac
648 3496 684 3555 de
711 3496 813 3555 eadem
837 3497 1006 3555 doctissime
1030 3498 1177 3575 praecipit
1203 3499 1248 3556 ad·
1271 3499 1391 3558 titulum

150 3594 268 3652 demum
286 3593 499 3668 posteriorem,
521 3594 584 3649 sive
603 3591 749 3649 AnchariI
765 3610 796 3667 p.
810 3593 895 3661 5²10„
916 3591 994 3648 lectu
1012 3590 1185 3669 dignissima
1205 3604 1285 3650 sunt.
1324 3591 1392 3650 Ad·

149 3688 232 3744 tendi
251 3688 317 3745 heic
336 3705 353 3742 a
372 3683 460 3743 nohis
487 3687 518 3742 in
536 3687 642 3760 primis
666 3694 819 3742 merentur
843 3684 916 3742 haec
941 3685 1068 3742 hominis
1093 3687 1178 3744 inre
1198 3687 1390 3764 epigraphics

150 3781 348 3838 versatissimi
374 3776 484 3836 verba:
510 3780 695 3832 Nicostratus
719 3784 772 3830 ists
797 3787 908 3830 tautum
933 3786 1015 3831 unircs
1039 3780 1158 3850 legionis
1185 3778 1304 3855 (Praei,
1330 3780 1392 3838 F...

150 3872 257 3950 hrum)
276 3873 361 3946 ficit:
387 3872 462 3945 quod
479 3870 548 3924 altha·
567 3881 734 3925 armotatum
751 3871 827 3924 haud
844 3877 965 3929 memini.
1002 3872 1066 3950 Ego
1085 3890 1157 3929 vero
1176 3873 1259 3930 valde
1279 3885 1390 3944 metuo,

151 3986 189 4025 ne
217 3970 249 4026 hi
273 3968 420 4025 Praefecti
447 3962 579 4022 Fabrdnt
605 3958 745 4040 'apposito
772 3964 897 4040 legionis
926 3967 1044 4022 nomine
1072 3977 1178 4023 contra
1207 3969 1391 4044 antiquitatis

150 4079 287 4119 normam
307 4058 444 4118 fabricati
463 4059 542 4127 sint3
575 4077 636 4115 non
655 4057 742 4114 modo
763 4060 842 4115 enisu
860 4069 983 4135 uterquc
1003 4059 1214 4128 Ileinesianus,
1245 4061 1299 4117 sed
1322 4078 1393 4118 cum

151 4157 211 4222 cis,
234 4164 377 4231 quotquot
397 4151 551 4211 Gudianus
569 4150 660 4209 index
679 4161 826 4220 ostentat,
852 4151 891 4209 ad
911 4172 1002 4209 uuum
1021 4172 1142 4222 omncs,
1168 4172 1229 4211 non
1248 4165 1319 4211 sunt
1338 4153 1398 4212 de«

152 4249 262 4324 sumpti
280 4246 416 4316 aliunde,
437 4247 496 4303 nisi
515 4264 553 4302 ex
571 4244 711 4323 Ligurio,
738 4246 823 4303 cuius
843 4244 962 4303 officina
981 4248 1040 4303 iam
1059 4247 1109 4304 diu
1128 4259 1189 4315 est,
1218 4247 1298 4324 quod
1315 4248 1391 4305 male

151 4341 245 4399 audit.
286 4339 377 4398 Caute
402 4350 432 4397 et
456 4339 619 4415 prudenter
643 4339 843 4407 Muratorius,
877 4349 956 4396 certe
982 4358 1044 4396 non
1069 4358 1140 4396 osor
1167 4340 1298 4417 Ligarii,
1331 4343 1391 4410 Ita,

152 4437 264 4512 inquit,
282 4424 488 4506 procedendum
502 4442 590 4506 puto,
610 4442 642 4486 ut
659 4439 733 4486 satis
751 4439 782 4486 in
797 4442 942 4506 posterum
951 4431 1063 4504 futura
1081 4452 1137 4486 non
1155 4441 1195 4487 sit
1213 4436 1296 4488 nobis.
1311 4441 1390 4488 neto
1442 4496 1445 4501 ¹

151 4539 181 4583 st
200 4546 303 4592 sama,
332 4525 438 4598 aliquid
453 4530 522 4579 novi
546 4534 575 4579 et
597 4532 746 4597 peregrini
769 4527 931 4594 statuendi,
961 4532 1070 4599 quoties
1094 4527 1126 4579 id
1148 4547 1186 4580 es.-
1210 4530 1286 4581 illius
1310 4534 1394 4582 unius

151 4626 327 4678 auctoritate
349 4619 469 4691 pendet,
496 4619 651 4692 quituosqus
676 4621 756 4685 olisai
772 4621 970 4674 admotarum
988 4621 1097 4676 accedit
1115 4639 1153 4674 es
1171 4626 1283 4677 miutsue
1300 4622 1393 4677 m
