3090 5116
439 247 468 318 §-
489 251 537 307 10.
575 241 871 312 lobi'le'l’IONES¹
884 239 1105 302 svunssuES.
1338 243 1396 321 bib
1481 309 1485 319 ,

148 383 208 429 nist
226 387 302 438 esset,
321 394 428 442 opnsqne
446 391 665 439 sapervacanenru3
683 384 708 426 ιι
725 381 837 440 quoniam
853 381 934 428 iussas
952 392 1006 426 sura
1023 379 1157 434 semaei-an
1174 377 1296 432 conterre,
1315 378 1395 435 potius

148 471 260 529 obsequii
283 471 401 531 glorium,
426 483 498 530 quarn
516 470 607 528 ingenii
625 471 690 516 sires
707 473 838 528 reputans,
860 480 936 527 paon
959 470 1075 527 quaedam
1091 467 1150 514 anibi
1168 466 1295 512 observata
1313 466 1394 511 ronic-

148 560 234 604 etaodo
251 572 394 616 proponant.
676 534 681 543 Ι
751 560 753 565 ’

216 644 333 691 Libenter
344 645 460 691 Fabretto
470 644 555 692 manns
572 647 644 702 addo,
664 647 705 706 qni
722 649 789 703 putat
804 645 884 690 viram
901 645 963 690 bone
981 644 1098 704 quendam
1115 641 1190 688 luisse
1208 643 1282 699 impia
1296 642 1395 688 'l'rium-

147 735 256 780 atrorum
273 735 451 791 proscriptione
469 736 619 791 demnatum,
640 735 724 780 axoris
741 734 845 790 pietate,
864 732 989 786 consiliis,
1014 736 1039 777 ιι
1055 730 1141 787 opibus
1159 736 1341 787 conservatum,
1365 744 1396 776 ao

148 823 233 870 deinde
252 820 368 868 beneficio
385 822 478 868 Octauii
497 823 610 869 Caesaris
629 823 722 880 petrias
739 823 885 869 restitutum.
921 822 954 866 et
971 820 1029 864 mibi
1047 823 1173 876 praeterea
1191 823 1283 875 tempus
1301 832 1395 877 quoque

149 911 311 956 restitutionis
329 923 359 956 ea
377 911 429 967 ipso
447 912 566 957 orationis
584 917 696 957 contextu
714 909 891 967 deprehendere
910 922 981 966 posse
998 910 1092 953 videor.
1135 907 1257 953 Memorat
1282 907 1345 953 enim
1368 919 1396 952 se

148 999 286 1044 restitutum
305 997 422 1044 beneficio
440 1004 464 1044 et
481 1001 561 1045 edicto
576 998 689 1044 absentis
707 997 820 1062 Caesaris
839 997 949 1053 Octauii,
974 998 1030 1041 dum
1048 996 1148 1055 Collega
1165 995 1217 1041 eius
1235 995 1271 1042 td.
1291 993 1396 1051 Lepidus

144 1099 271 1148 pressans
288 1087 392 1132 sortasse
411 1088 488 1134 edicto
507 1088 621 1133 Caesaris
638 1088 789 1135 intercedere
807 1092 950 1144 coneretur3
976 1087 1030 1131 ideo
1048 1085 1112 1129 enim
1131 1097 1206 1139 uxor,
1225 1069 1285 1142 quie
1303 1084 1332 1127 ad
1348 1081 1396 1129 Le·

153 1175 204 1233 pidi
218 1173 298 1234 pedes
314 1181 445 1233 prostratu
462 1188 507 1232 pro
525 1177 613 1220 marito
631 1176 814 1232 deprecabatur,
833 1175 964 1220 crudeliter
976 1180 999 1219 st
1016 1174 1188 1218 contumeliosa
1206 1170 1236 1216 ab
1255 1171 1306 1217 eins
1324 1171 1397 1216 satel-

153 1262 236 1309 litibus
255 1264 335 1308 inerut
352 1269 457 1319 accepta.
494 1264 530 1309 td.
549 1263 653 1320 Lepidus
672 1269 727 1321 post
748 1264 843 1309 foedam
868 1263 1049 1311 triumuirorum
1073 1261 1217 1315 coitionem,
1243 1263 1267 1304 et
1289 1258 1397 1316 proscri·

150 1352 238 1408 ptiouis
263 1351 367 1396 edictum
390 1352 581 1412 promulgatum,
606 1366 669 1397 anno
687 1353 795 1412 sequenti
812 1350 894 1403 V.,C.
916 1348 976 1397 tlt.
1012 1350 1170 1396 Consulatum
1186 1348 1277 1393 Manae
1295 1346 1398 1391 adinini·

151 1439 245 1493 stravit,
264 1452 312 1496 quo
332 1441 416 1485 eodem
434 1442 541 1496 tempore
560 1440 674 1486 Octavius
692 1440 783 1486 Caesar
800 1441 824 1486 in
843 1439 986 1485 Macedonia
1003 1438 1156 1494 Philippense
1175 1437 1264 1482 bellum
1281 1437 1396 1481 aduersus
1462 1449 1470 1462 ³

150 1526 250 1572 Brutum
269 1531 293 1571 et
311 1522 423 1572 Cassium
439 1528 548 1587 gerebat.
578 1527 704 1588 Lepidus,
723 1529 798 1587 inquit
814 1528 860 1574 Dio
879 1528 979 1572 Cassius
999 1526 1042 1572 lib.
1062 1522 1104 1572 lt.
1135 1523 1227 1571 ilomoa
1241 1522 1395 1582 perricensis,

151 1611 240 1660 Urbem
258 1614 407 1674 italiamque
424 1629 522 1661 omnem
543 1615 747 1677 gubernaturus,
771 1613 866 1663 Cossus·
889 1621 973 1663 nutam
996 1620 1020 1659 st
1035 1612 1159 1660 Antonius
1178 1609 1213 1658 ud
1222 1611 1320 1659 ibellum
1335 1624 1396 1670 pro·

142 1698 212 1762 serti
233 1689 301 1747 suut.
345 1703 476 1748 Consulatu
500 1704 624 1750 deluuctus
647 1719 768 1763 nunqnam
790 1711 875 1762 postea
899 1706 924 1750 ia
949 1703 1013 1748 Urbe
1036 1701 1083 1747 tuit
1104 1701 1223 1757 Lepidus,
1245 1698 1397 1758 pactionibus

149 1790 343 1837 ‘triumvirorum
361 1791 385 1836 in
398 1792 505 1837 Airicaus
523 1793 671 1848 provinciam
688 1794 828 1854 ablegatos3
848 1795 907 1838 ouda
926 1805 998 1852 quam
1015 1791 1040 1836 in
1053 1790 1160 1835 Siciliam
1172 1789 1236 1834 bello
1247 1788 1396 1844 Pompeiano

152 1880 300 1934 traiecisset,
320 1880 415 1924 demam
431 1880 533 1936 imperio
552 1885 575 1926 et
593 1881 745 1926 triumviratu
764 1880 794 1926 sb
812 1881 913 1927 Octavio
932 1885 1025 1933 exutus,
1046 1877 1157 1923 Circeios
1176 1877 1200 1922 in
1220 1878 1318 1923 esitium
1336 1876 1395 1922 mis·

151 1980 192 2013 sus
211 1970 256 2013 est.
294 1966 367 2011 ttutto
385 1968 458 2026 igitur
476 1973 582 2024 tempore
601 1973 656 2026 post
673 1970 875 2027 proscriptionem
898 1959 1014 2027 edniiflit,
1041 1971 1066 2012 rt
1083 1965 1188 2021 Lepidus
1202 1976 1328 2023 praeseus
1347 1962 1396 2008 Ro·

150 2068 203 2100 nrus
222 2060 299 2109 esset,
320 2055 411 2099 Caesar
428 2069 486 2101 vero
504 2056 606 2112 obessae,
625 2057 672 2103 uisi
690 2059 776 2103 eodem
792 2071 855 2102 sano
873 2053 952 2115 tlt,
969 2068 1017 2115 quo
1035 2057 1164 2111 propterea
1181 2065 1329 2112 enisaequeus
1347 2055 1396 2108 est,

150 2144 327 2189 restitutionem
344 2145 389 2188 viri
407 2143 478 2189 huius
495 2145 622 2191 accidisse.

207 2229 273 2295 ¹Nou
290 2232 410 2275 assentior
428 2232 557 2287 i'abretto,
577 2233 617 2291 qui
636 2233 713 2277 virum
732 2232 793 2278 buno
810 2233 960 2278 consularem
978 2229 1053 2275 inisse
1071 2227 1178 2286 colligit,
1196 2241 1225 2273 eo
1244 2228 1306 2286 qnod
1323 2228 1397 2273 eolle-

150 2331 195 2378 ιιι
214 2319 238 2362 in
256 2319 400 2377 magistratu
423 2320 504 2378 atiquo
527 2321 617 2366 mentio
641 2321 757 2367 babeatur
781 2321 806 2366 ia
830 2321 894 2365 linea
911 2320 983 2366 xiil.
1020 2314 1046 2364 st
1070 2320 1134 2365 enim
1159 2329 1206 2362 ros
1223 2317 1268 2361 ista
1286 2313 1397 2377 Coniuge

151 2407 293 2461 advirum,
313 2408 353 2465 qui
373 2407 507 2453 orationem
525 2409 684 2466 conscripsit,
703 2414 768 2470 esset
784 2408 926 2462 referenda,
946 2407 967 2452 is
986 2410 1051 2453 esset
1069 2407 1192 2452 Munatius
1209 2405 1328 2459 Plautus,
1354 2405 1396 2463 qui

152 2494 309 2539 Consulatum
332 2495 378 2539 boe
400 2510 463 2540 anno
487 2510 541 2541 cum
564 2497 600 2541 M.
625 2496 717 2554 Lepido
740 2497 824 2543 obivit.
867 2497 900 2541 st
921 2509 978 2543 saue
1002 2495 1126 2541 Munatius
1148 2494 1253 2540 Plancus
1277 2505 1397 2551 nunqnam

152 2582 216 2628 inter
233 2583 382 2639 proscriptos
399 2583 457 2634 tuit.
485 2598 561 2643 neque
586 2591 740 2631 conservatus
755 2586 794 2630 ab
818 2597 909 2640 unere,
938 2588 963 2629 ct
985 2583 1078 2641 patriae
1095 2583 1238 2639 restitutus;
1269 2586 1396 2639 postquem

152 2670 216 2716 enim
234 2669 325 2716 Callias
343 2672 532 2728 administrauit,
551 2673 680 2719 Mutinensi
699 2672 763 2719 bello
781 2673 886 2719 Antonio
904 2676 928 2717 et
944 2671 1035 2729 Lepido
1053 2673 1161 2726 iunctas,
1180 2683 1243 2714 anuo
1262 2668 1395 2727 insequenti

152 2757 242 2803 Consul
261 2760 409 2803 renuntiatus
428 2765 479 2815 est,
505 2762 574 2806 etde
593 2762 670 2807 Callis
689 2761 851 2818 triumphauit.
895 2761 974 2818 Quare
992 2759 1075 2817 Lepidi
1094 2758 1195 2821 Collega
1213 2771 1260 2801 nou
1279 2758 1340 2802 alins
1359 2761 1397 2802 est

112 2892 116 2905 ,
151 2858 222 2905 qnam
240 2846 361 2906 Augustus
379 2848 429 2902 ipse
448 2847 538 2894 Caesar
563 2850 586 2895 in
611 2850 673 2896 linea
698 2850 845 2896 antecedenti
870 2853 1034 2905 mensuratus}
1066 2852 1135 2905 etque
1159 2840 1183 2890 bi
1206 2858 1262 2891 vere
1281 2844 1395 2904 Collegae

151 2940 220 2979 erant
238 2935 261 2979 ia
279 2935 440 2979 triumviratu.
478 2935 528 2982 Nec
545 2935 649 2993 Lepidus
668 2939 752 2984 exinde
771 2938 896 2997 Collegaru
913 2938 987 2982 eliasu
1005 2935 1028 2981 iu
1046 2935 1190 2994 magistrata
1208 2935 1288 2992 aliquo
1306 2932 1395 2979 babere

150 3024 243 3081 potnit3
268 3037 323 3067 uam
339 3036 436 3079 semper
453 3028 494 3067 aut
512 3024 637 3080 triumvir,
662 3031 702 3070 aut
719 3026 826 3082 privatus
845 3026 906 3070 ritus
925 3025 1044 3083 reliquum
1060 3022 1161 3082 peregit.
1199 3021 1252 3067 lion
1270 3022 1396 3066 abuuerint

150 3115 229 3156 umen
247 3111 325 3156 airam
342 3111 403 3156 bunc
421 3111 540 3157 illustrem
556 3111 641 3169 tuisse,
661 3119 684 3159 et
701 3114 805 3159 fortasse
823 3114 943 3158 Senatorii
962 3113 1062 3167 ordinis,
1082 3124 1154 3171 quum
1171 3108 1267 3155 affinem
1285 3109 1396 3155 babuerit

151 3196 181 3243 G.
201 3197 310 3244 Clusium
329 3191 470 3244 senatorius
487 3204 512 3245 et
529 3199 702 3256 Consularem,
722 3207 747 3247 ut
765 3200 866 3247 interius
884 3202 1017 3245 ostendam.

220 3286 246 3330 Si
266 3300 324 3333 sero
343 3289 442 3332 ariolari
461 3288 549 3343 libeat,
573 3293 597 3334 st
615 3291 681 3345 puris
699 3290 762 3346 pulis
779 3289 923 3335 coniecturis
941 3289 1080 3347 indulgere,
1105 3287 1215 3346 quisnam
1233 3285 1305 3330 etiam
1323 3283 1394 3328 homo

150 3373 193 3418 ille
215 3373 301 3429 fuerit,
333 3378 430 3434 eiusque
456 3385 518 3421 uror
541 3382 576 3422 tot
600 3378 709 3423 laudibus
733 3379 861 3432 decorata,
892 3377 1007 3432 aperiam.
1052 3374 1082 3433 Q.
1106 3372 1235 3418 Lucretius
1253 3375 1361 3429 Vespillo
1380 3387 1395 3415 a

150 3448 297 3508 Triumuiris
315 3467 462 3520 proscriptus
481 3479 552 3524 quum
570 3479 596 3511 se
615 3466 705 3512 incerta
723 3471 747 3512 et
765 3466 899 3523 periculosa
915 3465 972 3524 iuga
989 3462 1133 3521 aliquamdiu
1146 3460 1280 3520 fatigasset,
1300 3462 1395 3517 lundeqr

150 3551 180 3594 ad
200 3564 300 3596 uaoretn
319 3552 435 3597 'l'buriatn
453 3555 574 3609 peruenit,
600 3568 614 3598 a
632 3569 677 3613 qua
695 3561 803 3601 retrusus
821 3553 866 3598 sub
885 3553 971 3609 duplici
990 3557 1068 3606 tecto,
1095 3550 1158 3595 luter
1176 3548 1395 3595 contabulationem

151 3640 239 3683 tamdiu
257 3640 334 3694 latuit,
353 3642 428 3686 donee
446 3643 594 3699 quorundam
611 3644 745 3688 amicorum
761 3642 874 3699 precibus
892 3655 907 3687 a
924 3639 1070 3686 Triumviris
1088 3638 1223 3696 impetravit
1241 3638 1350 3693 reniam,
1370 3641 1395 3683 et

149 3728 261 3772 restituta
278 3741 334 3783 poce
353 3730 502 3774 eonsululuau
519 3731 617 3786 adeptus
636 3735 680 3775 est.
716 3731 777 3777 Rem
799 3731 833 3776 lis
857 3734 939 3774 narrat
955 3729 1077 3786 Appiauus
1101 3730 1130 3773 de
1149 3724 1212 3771 bello
1231 3724 1284 3769 Cir.
1304 3725 1347 3769 lib.
1368 3722 1393 3771 i·

149 3827 206 3874 pag.
227 3811 285 3860 615.
323 3815 479 3861 Consulatum
495 3823 572 3877 gessit
589 3818 715 3864 Lucretius
732 3820 763 3864 Α.
783 3820 815 3865 V.
837 3815 895 3865 735.
916 3831 945 3862 ea
963 3818 1041 3863 Dione
1060 3815 1102 3861 lib.
1124 3811 1165 3859 53.
1185 3826 1240 3872 pag.
1261 3808 1331 3866 627..
1353 3812 1393 3858 nbi

148 3908 268 3949 memorat
285 3906 384 3948 eundern
402 3904 464 3949 buno
483 3919 553 3960 esse,
579 3907 620 3964 qui
640 3920 700 3952 uuus
718 3921 748 3954 ea
765 3908 907 3965 proscriptis
925 3906 1013 3951 luerat.
1050 3903 1104 3949 lion
1122 3915 1195 3960 pauca
1214 3913 1271 3944 saue
1290 3900 1313 3944 in
1332 3899 1394 3945 Ora-

148 3991 213 4034 tione
232 3991 353 4046 invenies,
372 4006 432 4050 quae
451 3992 507 4037 bulc
525 3995 657 4040 narrationi
678 4000 824 4055 congruant,
852 4000 876 4040 et
893 3993 1006 4038 Lucretio
1024 3992 1101 4048 aptari
1119 3990 1222 4046 possint.
1260 3988 1429 4050 titrobiqne‚.

147 4078 186 4122 vir
204 4080 306 4122 consilio
324 4084 348 4124 et
365 4080 453 4135 pietate
473 4083 554 4127 aroris
577 4088 702 4143 servatura
731 4084 854 4128 interiore
871 4089 896 4126 st
913 4079 1042 4125 recondito
1060 4077 1169 4122 consiliu
1187 4075 1275 4122 referri
1293 4083 1394 4133 possunt

149 4167 178 4210 ad
197 4168 303 4222 modum,
323 4181 369 4224 qno
387 4169 479 4214 latebra
497 4171 584 4215 marito
603 4173 710 4229 quaesita
728 4170 787 4217 luitz
807 4170 928 4215 restitutio
945 4169 1053 4224 Appiano
1071 4165 1157 4210 dicitur
1174 4165 1286 4221 precibus
1304 4168 1393 4211 aurico-

148 4267 203 4299 rum
220 4260 365 4311 procurata,
390 4257 429 4313 qui
453 4258 559 4313 primurn
581 4260 642 4316 apud
661 4260 790 4305 Caesarem
815 4262 929 4317 egerunt,
956 4256 1016 4300 unde
1033 4239 1138 4299 siranirit
1156 4253 1272 4309 edictum,
1298 4255 1392 4315 dequo

148 4341 173 4386 in
192 4343 317 4398 oratione,
337 4344 419 4388 deinde
438 4346 498 4400 epud
516 4346 646 4402 Lepidum,
666 4348 705 4404 qui
725 4347 871 4391 restitutioni
890 4343 1009 4388 obstabat.
1046 4342 1154 4386 Tandem
1172 4340 1303 4405 Lucretius¹
1318 4344 1393 4387 resti·
1433 4330 1438 4341 ’

78 4455 84 4468 ι
149 4435 203 4475 tutu
217 4445 282 4490 pnes
301 4432 376 4476 adhue
394 4438 516 4487 superstes
535 4439 602 4491 crat3
628 4436 689 4492 quod
708 4435 771 4479 idern
789 4432 945 4492 lntelligiuuns
964 4432 988 4476 in
1007 4430 1133 4483 oratione,
1155 4436 1247 4493 pereto
1264 4430 1324 4475 orbs
1342 4437 1392 4475 ter·

150 4530 253 4574 rurasn,
273 4520 388 4565 restituto
404 4518 557 4579 Republica
574 4523 657 4583 quiete
675 4527 721 4568 etc·
759 4521 847 4567 Cetera
864 4534 922 4566 saue
940 4534 986 4563 nou
1004 4523 1152 4580 congruunt:
1181 4523 1206 4562 ut
1223 4532 1297 4577 aeque
1316 4519 1392 4563 bisto-

149 4605 215 4651 rieus
239 4608 348 4667 singula,
379 4621 422 4653 nee
445 4611 482 4654 sir
507 4602 615 4656 laudator
637 4609 751 4669 persequi
775 4609 866 4656 debuit.
909 4610 1027 4667 Quintam
1045 4607 1117 4668 igitur
1135 4607 1286 4661 coniectura,
1317 4618 1392 4664 eaque

194 4697 281 4739 cona
295 4699 398 4753 turena
412 4699 479 4743 sen.
500 4702 585 4744 vau.
954 4732 960 4739 .
1101 4670 1142 4736 23
1387 4736 1506 4823 μ
