3090 5116
247 287 249 290 ‘
334 296 360 363 t·
381 298 412 367 ι.
450 292 648 355 seuerus.
676 293 928 354 senaronus.
957 294 990 354 s.
1013 295 1048 355 o.
1076 262 1220 365 nuens.
1249 315 1339 376 aa,
1415 300 1451 358 n

205 421 363 483 sotvnt.
395 425 451 483 Ml.
482 420 522 486 Τ.
550 426 629 484 TEI.
658 426 914 498 LEIBERIQVE.
945 424 1195 486 GENVENSES.
1225 427 1450 487 VIDETVR..

205 513 431 578 OI'ORTERE.
460 519 570 578 ANTE
602 519 732 578 EIDVS.
767 519 966 579 SEXTILIS.
1001 519 1174 580 PRIMAS.
1194 520 1354 593 SEQVOI.
1385 521 1450 580 DE.

205 610 270 670 EA.
280 611 330 669 RE
341 615 353 671 ll
363 613 504 686 INIQVO
512 613 554 671 M.
564 613 794 672 VIDEBITVR.
803 612 914 672 ESSE.
926 599 992 677 AD.
1007 613 1099 672 NOS.
1115 612 1295 673 ADEANT.
1311 614 1450 691 PRIMO.

205 704 382 778 QVOQVE.
409 707 488 765 DIE.
510 708 573 765 ΕΤ.
595 709 660 766 AB.
682 707 874 766 OMNIBVS.
901 707 1238 773 CONTROVERSIIS.
1266 708 1452 769 timoren.
1474 700 1478 713 ⁸

204 798 340 869 Pvttnn
357 800 370 857 ΙΙ
391 800 482 861 LEG.
504 801 629 861 MOCO.
648 802 886 861 METICANIO.
901 801 1100 861 METICONI
1120 802 1368 881 F,P1.Avcvs·.
1385 803 1452 860 PE·

109 880 112 884 ’
204 892 328 952 LIANI.
353 894 527 953 PELIONI.
555 896 591 954 F.
874 914 878 921 ’

279 989 381 1046 Aenea
401 987 499 1047 tabula
519 991 594 1048 haee
611 992 730 1049 intenta
751 1001 806 1048 est.
836 1011 864 1048 n.
887 994 969 1052 1506.
997 992 1030 1050 iu
1058 1009 1132 1068 egro
1151 989 1306 1048 Genuensi
1324 989 1452 1048 miliario

205 1099 299 1156 prope
321 1081 426 1138 urbem
448 1083 572 1142 decimo.
613 1085 717 1142 Plures
738 1103 802 1142 eain
822 1081 957 1152 edidere,
986 1091 1033 1155 (v.
1054 1102 1081 1141 e.
1105 1083 1192 1142 Grut.
1212 1103 1245 1159 p.
1267 1087 1332 1144 201.
1353 1082 1453 1159 Spen-

149 1196 151 1201 >
205 1172 348 1252 gerberg.
375 1195 405 1251 p.
427 1181 512 1247 660.)
538 1177 592 1235 sed
615 1178 701 1236 iteuto
727 1179 895 1236 accuratius
914 1177 1079 1255 Franciseo
1098 1177 1232 1236 Antonio
1253 1178 1400 1234 Zacharia
1421 1179 1452 1233 in

205 1268 326 1327 num.
345 1271 468 1324 atterat.
493 1289 525 1346 p.
548 1277 613 1340 27..
645 1289 732 1348 quent
756 1283 876 1338 secutus
903 1289 979 1328 sum.
1019 1269 1148 1329 Consule
1166 1281 1322 1347 praeterea
1342 1271 1452 1328 Hiero·

206 1379 328 1439 nyninur
347 1360 470 1423 Serrani
495 1375 525 1421 et
550 1362 584 1421 C.
608 1365 646 1421 A.
667 1364 866 1422 Wnlelteneer
890 1365 922 1422 in
946 1364 1043 1423 Millin
1072 1367 1157 1435 Mag.
1184 1366 1289 1438 σικχοὶ.
1310 1369 1401 1432 1809,
1422 1369 1452 1439 5.

205 1473 236 1530 p.
252 1460 336 1523 395.,
357 1475 394 1512 ex
413 1475 540 1533 quorem
559 1459 706 1516 sententia
724 1460 897 1517 Mantcelum
916 1457 1079 1534 respondet
1097 1459 1174 1525 vieo,
1197 1458 1247 1534 qui
1271 1457 1357 1514 hodie
1378 1458 1453 1516 diei·

206 1558 257 1606 tttr
269 1551 430 1616 Mantuano,
444 1552 532 1607 Mona
540 1545 681 1624 Ioventlo,
694 1554 797 1607 Monte
807 1554 898 1607 Giovo
908 1553 978 1606 delle
987 1561 1061 1604 reste
1068 1572 1079 1614 ,-
1097 1553 1287 1606 cavaturas
1299 1550 1385 1608 sedes
1399 1552 1453 1608 ha·

206 1639 343 1712 burrum,
352 1643 403 1702 nbi
414 1663 492 1702 nune
501 1641 549 1706 'est
557 1647 724 1713 Crwarina,
733 1647 889 1704 Odlatesin
897 1645 1007 1726 Obieta.
1027 1644 1185 1700 Procobera
1197 1643 1282 1702 hodite
1290 1640 1453 1701 Polcevera.

242 1736 267 1795 1)
283 1744 516 1790 PECVVASCEEE
535 1741 605 1791 Grut.
643 1744 669 1800 2)
687 1746 781 1802 ,Eidus
793 1747 895 1791 Sextiles
908 1746 998 1803 primae
1017 1751 1041 1791 et
1053 1747 1173 1791 Kalendae
1193 1746 1316 1790 lanuarias
1334 1747 1452 1790 secundas

205 1825 235 1858 ex
248 1812 350 1869 Ulpiano
368 1815 400 1859 ita
419 1817 563 1869 explicantur
583 1831 597 1860 a
608 1816 706 1861 Malleio
725 1814 865 1862 Obeerrutt.
878 1815 939 1862 Lttt.
959 1816 990 1861 ·t·.
1006 1811 1030 1860 3.
1050 1830 1075 1874 p.
1089 1813 1149 1861 211.
1170 1821 1195 1860 ut
1209 1816 1310 1872 pennos
1329 1817 1452 1872 proxima·

206 1882 268 1936 sint,
288 1883 413 1928 secundae
431 1886 552 1930 Kalendae
571 1887 670 1931 alterius
687 1886 769 1932 anni.''
787 1887 861 1932 Eaelr.
899 1881 924 1941 3)
943 1891 967 1932 ct
983 1887 1098 1931 oneribus
1116 1886 1217 1942 publicis
1236 1885 1306 1931 liberi
1321 1887 1382 1956 elul.

281 1988 365 2044 5122.
406 1983 613 2058 stipulationis
639 1985 804 2062 exemplum
829 1986 859 2042 h.
885 1987 906 2042 l.
940 1986 979 2044 do
1007 2001 1045 2043 ex
1070 1986 1187 2044 Osanni
1214 2003 1341 2055 censura
1369 1984 1450 2053 libri,
1521 1990 1522 1993 ’

205 2077 292 2135 cuine
311 2077 382 2133 mihi
409 2079 495 2152 eopia
521 2097 583 2136 non
608 2089 687 2136 erut:
720 2076 826 2149 Silloge
852 2081 1031 2134 d'Iserisloai
1055 2079 1165 2133 antiche
1184 2081 1287 2132 incedite
1306 2080 1453 2134 corrednte

205 2171 236 2223 dt
253 2169 367 2242 qualche
385 2180 540 2225 commento
559 2172 597 2224 da
617 2175 651 2227 G.
672 2173 839 2227 Melcln'orri
858 2192 872 2225 e
894 2178 920 2228 Ρ.
941 2176 1082 2229 Vt’scontt'.
1123 2173 1215 2229 Roma
1237 2181 1320 2235 1323.
1348 2152 1394 2235 8.i:
1444 2187 1447 2193 ’

281 2263 324 2320 Μ.
358 2264 558 2323 RVTILIVS.
592 2264 653 2323 SP:
686 2266 775 2325 COL.
791 2267 815 2342 ¹)
846 2267 971 2324 NIGER
1005 2267 1017 2325 ΙΙ
1052 2266 1229 2322 EMPTOR.
1263 2265 1451 2324 ADIECTIS

147 2390 151 2401 ι
206 2356 407 2416 PARTIBVS
437 2358 450 2417 11
476 2357 595 2417 IVRIS.
623 2358 661 2433 Q.
682 2361 881 2421 APPVLEII.
909 2360 1086 2418 EVTYCHI
1118 2361 1129 2417 ΙΙ
1159 2359 1193 2418 C.
1214 2359 1450 2417 API’VLEIVS.

208 2448 270 2506 Ol..
298 2449 482 2513 DOLICVS.
511 2453 564 2510 IN.
592 2454 725 2512 PARTE
753 2456 766 2513 ll
794 2452 912 2512 IVRIS.
940 2454 974 2511 P.
996 2453 1170 2512 APPVLEI
1192 2453 1348 2511 FELICIS
1371 2454 1384 2511 ll
1408 2453 1449 2510 M.

208 2543 457 2604 CASTRICIVS.
486 2546 699 2605 MYSTICVS.
734 2579 765 2592 -
813 2549 849 2605 In
876 2550 923 2604 vin
950 2549 1059 2624 Appia.
1101 2550 1275 2619 Allgemeine
1300 2549 1357 2603 Lit.
1382 2548 1452 2615 Ztg.

208 2638 586 2709 Ergansemgsblatt.1827.
616 2642 654 2698 Ν.
675 2646 722 2702 69.
763 2644 790 2700 Α
820 2641 934 2700 duobus
960 2640 1103 2698 lateribus
1132 2643 1219 2697 huius
1248 2643 1328 2716 cippi
1358 2642 1450 2698 ineisa

207 2743 277 2788 sunt
299 2736 417 2790 testium
442 2737 578 2803 nornina3
612 2737 644 2792 in
669 2735 793 2813 quibus,
811 2735 922 2813 (epuod
945 2747 1110 2793 memoratu
1129 2735 1251 2813 dignum
1270 2734 1335 2810 est)
1364 2737 1452 2802 etiarn

207 2827 336 2885 Irininae
359 2828 480 2905 aliquot.

244 2926 269 2981 1)
291 2928 383 2974 srsrti·
400 2931 436 2974 vel
455 2929 566 2974 SPut-ius
585 2930 667 2975 I'ilt'ua
686 2930 819 2985 (exciditne
837 2928 904 2984 Η)
922 2927 1020 2976 Colliite
1038 2930 1111 2976 triba.

249 3127 281 3199 §.
304 3122 337 3186 ό.
383 3111 724 3189 MAGISTRATVS
754 3125 817 3188 ΕΤ
847 3125 1069 3190 HONORES
1092 3125 1296 3190 VETERIS
1328 3125 1408 3190 REI

697 3236 952 3301 PVBLICAE.

207 3353 427 3413 CONSVLES.
456 3355 707 3414 PRAETORES.
736 3356 956 3415 CENSORES.
983 3355 1167 3415 AEDILES.
1202 3337 1447 3421 TRIBVNII’L.
1531 3395 1532 3398 =

388 3457 667 3531 QVAESTORES.
697 3459 911 3518 TRIVMVIRI
930 3459 1168 3518 CAPITALES.
1197 3479 1264 3519 car.

280 3595 365 3650 5125.
406 3591 570 3666 Legitimos
588 3591 664 3647 ordo
686 3590 914 3666 Magistratuuin
933 3593 981 3648 hie
1000 3604 1062 3648 est:

281 3684 434 3752 Dictator,
469 3683 597 3752 Consrd,
632 3683 775 3751 Praetor,
810 3685 954 3762 Magister
973 3686 1129 3762 Equitum,
1160 3686 1294 3752 Censor,
1325 3685 1448 3755 Aedilis,

207 3777 360 3835 Tribunus
379 3777 490 3854 plebis,
515 3779 681 3850 Quaestor,
709 3779 863 3836 'I'riurnrir
883 3779 1041 3854 Capitalis,
1072 3781 1225 3836 'l'riuinrir
1245 3764 1326 3854 agris
1346 3779 1451 3838 dandis

206 3872 409 3946 adsignandis,
431 3869 597 3948 (Tribunus
619 3873 743 3929 rnilitum
761 3871 927 3949 legionibus
949 3885 1089 3950 quattuor
1107 3876 1212 3948 primis
1225 3873 1322 3949 aliqua
1336 3872 1451 3949 carnut)

206 3966 335 4039 (Iudex).
370 3967 432 4024 cn.
454 3964 645 4023 Plebiseitnni
666 3986 713 4042 ap.
736 3966 846 4024 Marini
866 3972 932 4020 Atti
951 3968 988 4024 T.
1005 3976 1032 4024 2.
1053 3988 1083 4044 p.
1100 3972 1164 4028 669.
1186 3977 1215 4023 et
1234 3967 1357 4043 Fragor.
1375 3967 1448 4047 Leg.

165 4061 169 4073 '
207 4058 352 4119 Serviliae
372 4061 415 4114 ed.
436 4061 550 4114 Klenze.
570 4080 600 4135 p.
621 4067 649 4123 ὅ.
674 4072 703 4116 et
723 4068 768 4117 11.

280 4177 363 4234 5121.
404 4172 450 4228 Ad
477 4172 583 4228 Festos
615 4172 795 4230 Consulares
824 4173 1006 4231 ordinandos
1036 4191 1071 4229 ae
1101 4172 1283 4249 supplendos
1312 4193 1450 4250 magnam

205 4267 359 4322 utilitatem
379 4265 524 4341 praebent
544 4278 573 4322 et
592 4278 723 4335 tesserne
747 4269 954 4341 gladiatoriae,
988 4279 1017 4323 et
1042 4286 1133 4342 opero
1159 4265 1279 4342 ligulina
1307 4272 1370 4325 sire
1396 4270 1451 4326 do-

205 4361 307 4416 liaria:
342 4380 399 4436 qua
430 4362 461 4416 in
488 4380 521 4417 re
552 4359 745 4416 elaborarunt
776 4364 952 4436 praesertim
978 4360 1154 4428 Fabrettus,
1187 4362 1387 4430 Muratoriu's,
1421 4375 1451 4420 et

206 4453 370 4519 Matrinius,
401 4474 481 4511 nunc
507 4474 579 4510 vero
607 4475 674 4511 cuin
701 4459 826 4511 niaxinie
848 4459 877 4511 in
898 4457 954 4511 hoe
973 4455 1071 4512 studio
1091 4468 1136 4512 est
1155 4467 1317 4532 occupatus
1338 4457 1450 4514 doetis-

206 4533 298 4603 sintus
319 4547 510 4624 Borghesius.
551 4547 645 4604 Nobis
671 4549 803 4623 exempla
833 4551 1034 4606 tantummodo
1060 4550 1204 4626 quaedam
1229 4550 1345 4607 dedisse
1365 4550 1450 4609 sulli-

129 4716 134 4722 .
205 4646 273 4700 ciet.
315 4643 349 4699 ln
369 4644 490 4700 tesseris
511 4641 699 4719 gladiatoriis
714 4641 867 4702 bret-itatis
894 4663 983 4704 causa
1003 4644 1166 4716 interdurn,
1189 4643 1241 4702 sed
1261 4663 1351 4714 raro,
1373 4664 1448 4702 uirus
