3090 5116
187 266 244 322 572
434 348 439 358 Ι
581 261 617 322 C.
638 261 724 321 XXI.
761 261 1040 322 HAGENBVCHII

191 395 284 450 moris
306 412 412 451 causas
435 378 487 451 alii
513 393 585 450 alias
611 412 678 450 esse
702 394 878 452 volucruut=
910 394 1054 452 Seldenns
1081 406 1111 452 et
1129 392 1289 452 Fahrettue
1309 397 1437 453 vitatam

188 487 310 544 voluere
328 491 584 565 praerogativam,
606 492 667 545 non
688 489 861 556 Remmius,
889 491 937 545 cui
959 491 991 545 in
1012 490 1177 564 clipeorum
1197 488 1440 546 dedicationibus

188 581 219 637 id
243 562 354 637 lactum
379 582 497 638 videtur
522 581 561 638 ob
586 585 681 658 ipsam
709 583 874 658 clipeorum
902 584 1030 639 ferulam
1057 583 1232 652 rotundam
1263 584 1328 657 ipse
1354 584 1440 640 facio

185 677 285 750 potius
306 695 373 731 cum
390 676 530 733 Reincsio
552 697 582 752 p.
604 677 668 734 119.
688 696 718 732 n.
741 686 824 745 108..
849 694 924 754 quac
942 679 1168 752 praemonuisse
1188 695 1268 732 nnnc
1287 675 1439 745 sufficiun

186 770 235 826 hic
261 772 340 826 enim
370 773 486 826 animus
514 783 559 827 est
585 771 727 827 nonnulla
758 771 857 828 dicere
883 771 919 827 de
945 769 1055 848 figlinis
1082 774 1113 827 in
1139 769 1243 828 orbem
1267 773 1437 847 inscriptis,

187 864 266 940 qnod
287 864 364 920 hanc
387 865 418 919 in
441 864 554 921 circulo
580 863 763 921 inscribendi
786 866 933 921 rationem
960 865 1046 922 video
1070 863 1188 922 dubiam
1207 868 1315 922 secisse
1335 865 1438 921 'doctis

186 958 360 1026 lectionem,
386 958 464 1015 unde
486 977 524 1013 ex
543 956 616 1014 orbe
635 958 753 1034 legendi
773 961 890 1014 initium
909 959 1042 1015 lacerent
1062 978 1122 1015 non
1144 960 1231 1034 plane
1251 957 1436 1016 videntibus.

185 1051 329 1117 Accedit,
353 1052 433 1128 quod
453 1053 609 1108 lectionem
629 1055 780 1130 aggressis
800 1052 858 1109 alia
881 1054 970 1108 etiam
990 1051 1151 1110 difficultas
1175 1071 1241 1110 sese
1254 1051 1434 1133 ingerebat,

173 1128 344 1222 'ligatorum
363 1156 433 1219 putu
456 1145 626 1213 literarum,
647 1165 725 1223 quae,
742 1149 774 1202 in
793 1143 904 1222 figlinis
923 1149 1093 1223 frequentes
1116 1157 1202 1213 sunt,
1230 1165 1265 1202 ac
1285 1147 1433 1221 saepiaris·

185 1256 232 1295 me
258 1256 366 1294 causae
391 1238 535 1295 malarum
554 1251 584 1295 et
603 1242 839 1314 exscriptionum
867 1250 896 1295 et
923 1242 1201 1315 interpretationum
1224 1226 1355 1297 luerunt.
1397 1240 1435 1296 ln

185 1334 223 1388 iis
243 1332 361 1409 quidem
379 1332 538 1389 reddendis
557 1333 767 1410 imitandisque
789 1335 960 1390 accuratior
978 1334 1034 1390 fuit
1050 1332 1179 1391 Smetius
1196 1334 1342 1402 Grutero,
1364 1352 1434 1390 ma-

186 1412 290 1502 gisque
310 1446 327 1482 a
345 1427 536 1502 typographo
558 1445 613 1483 suo
632 1410 767 1496 adiutus;
794 1446 852 1503 quo
870 1429 960 1483 etiam
981 1430 1101 1484 nomine
1122 1426 1273 1485 Smetiana
1292 1426 1432 1484 collectio

183 1538 258 1595 prae
284 1520 464 1577 Gruteriana
486 1540 547 1577 non
568 1540 695 1596 prorsus
714 1533 761 1578 est
778 1521 972 1598 negligenda,
999 1524 1090 1578 immo
1116 1523 1251 1597 saepius,
1280 1539 1337 1578 nec
1363 1523 1432 1579 tino

183 1613 284 1670 fructu
303 1613 370 1669 inde
390 1615 540 1690 sperando
558 1634 627 1671 cum
646 1617 701 1671 hac
724 1615 916 1672 conferenda.
1397 1602 1416 1647 δ

259 1707 403 1783 Exempla
426 1728 506 1764 nunc
529 1728 648 1784 appono
669 1706 839 1786 figlinarum
864 1709 1112 1785 epigrapharum,
1142 1726 1216 1786 quae
1243 1710 1300 1766 etsi
1324 1726 1431 1765 omnes

184 1818 247 1857 non
267 1804 327 1858 sint
346 1801 481 1869 eaedem,
505 1803 558 1859 sed
578 1802 722 1880 quaedam
742 1804 894 1871 diversae,
916 1821 953 1858 ex
974 1803 1078 1859 eadem
1098 1813 1198 1858 tamen
1217 1800 1319 1879 figlina
1337 1820 1432 1878 quum

184 1895 369 1973 prodierint,
401 1895 494 1953 altera
520 1896 607 1954 alteri
628 1898 726 1954 lucem
747 1896 852 1974 pulcre
875 1898 1028 1973 praeferre
1053 1906 1084 1954 et
1107 1894 1217 1953 afferre
1242 1915 1260 1952 a
1280 1913 1328 1960 mo
1358 1906 1431 1952 eunt

185 1988 399 2064 dtPrehensae.

261 2082 348 2139 Grut.
372 2087 442 2155 185,
464 2089 511 2142 11.
536 2101 552 2140 e
572 2081 685 2141 Smetio
706 2089 776 2153 116,
797 2089 826 2144 9.

187 2230 190 2235 -
258 2197 344 2257 1885.
373 2193 566 2253 CASTRVM
584 2195 849 2254 PRAETORIVM

372 2287 429 2344 EX
447 2289 509 2346 PR.
532 2290 628 2346 VINI.
651 2290 773 2362 QVAD.
794 2290 847 2347 ET
867 2289 963 2347 ANT.
985 2290 1038 2349 ΟΡ

373 2382 441 2439 EX.
461 2383 539 2440 FIG.
562 2383 652 2441 SEX.
676 2384 743 2441 AT.
771 2383 873 2442 SILV.
899 2384 935 2440 F.
963 2384 1016 2442 vt.
1046 2414 1079 2427 -
1112 2379 1164 2440 ubi
1188 2382 1221 2438 in
1245 2397 1336 2456 opere
1360 2398 1430 2439 meo
1505 2450 1513 2463 ι

184 2475 336 2533 tessellato
361 2478 463 2532 notavi
482 2475 656 2535 Fabrettum
680 2498 710 2553 p.
732 2483 798 2538 500.
821 2477 940 2534 ultimas
962 2478 1053 2555 siglas
1072 2477 1223 2552 explicare
1241 2475 1354 2544 Figlinas
1374 2476 1428 2532 VI.

185 2571 206 2626 i.
227 2587 254 2625 e.
279 2580 379 2625 sexta:
407 2570 460 2626 sed
484 2573 693 2646 interpretatio
714 2573 787 2631 haec
813 2570 901 2629 dultia
926 2572 999 2628 mihi
1024 2570 1139 2628 reddita
1164 2580 1211 2626 est
1234 2568 1429 2625 auteomnia

185 2681 223 2719 ex
248 2663 314 2719 aliis
343 2662 474 2720 eiusdem
499 2663 618 2742 figlinae
644 2668 741 2741 typis;
776 2685 851 2744 qnos
876 2665 1002 2742 proinde
1026 2676 1091 2721 tmn
1114 2674 1239 2740 propter
1263 2663 1337 2730 hoc,
1364 2672 1429 2719 tum

184 2768 310 2833 propter
330 2757 403 2828 alia,
428 2777 537 2834 operae
556 2770 628 2835 puto
649 2758 814 2816 subiicere:

259 2850 338 2909 Don.
360 2851 398 2908 11.
422 2857 486 2913 119.
506 2872 537 2928 p.
559 2856 606 2915 98.
631 2872 669 2910 ex
688 2853 873 2930 autographo
893 2853 1050 2910 Doniano:

233 2998 239 3005 ·
257 2981 343 3044 1881.
371 2982 563 3041 CASTRVlll
581 2984 848 3044 PRAETORIVM

371 3077 428 3133 Ex
447 3078 510 3135 PR.
531 3078 615 3135 vltss.
640 3078 763 3150 QVAD.
784 3078 877 3137 ENT.
899 3077 953 3135 ΟΡ

370 3170 427 3228 nx
446 3172 495 3228 ιη.
518 3171 608 3230 sax.
629 3172 692 3230 ar.
714 3172 903 3231 sumne.
928 3202 959 3214 -
987 3170 1104 3227 nonius
1123 3179 1153 3225 ei
1171 3150 1357 3226 miratu-ils
1375 3183 1431 3223 ne-

185 3265 356 3334 sciverunt,
379 3267 439 3321 iam
458 3278 576 3322 exstare
595 3267 673 3323 hanc
695 3268 879 3343 epigraphen
899 3267 932 3323 in
951 3265 1042 3322 Thes.
1063 3262 1187 3321 Gruteri
1204 3260 1225 3321 l.
1243 3262 1266 3320 l.

258 3357 338 3414 Mur.
360 3361 432 3428 197,
455 3363 501 3418 16.
522 3379 561 3417 ex
579 3360 703 3437 Ligurio
722 3371 753 3418 et
771 3360 894 3418 Donior‘

259 3486 343 3552 1885.
372 3488 564 3548 CASTRVM
585 3490 853 3549 PRAETORIVM

368 3581 614 3641 EXPR.vu11.
637 3586 761 3657 ovat).
784 3584 848 3643 ET.
870 3584 967 3642 ANT.
989 3580 1041 3638 ΟΡ

371 3675 428 3734 Ex
445 3676 496 3733 ΡΙ.
517 3677 608 3736 SEX.
629 3679 696 3736 ΑΤ.
718 3679 819 3737 SILV.
840 3678 875 3736 F.
896 3677 950 3734 AI.
969 3701 1007 3718 -
1039 3673 1145 3747 ,Quae
1166 3673 1210 3729 sic
1232 3670 1430 3746 interpretari

182 3780 286 3845 potes;
312 3771 360 3822 Ea·
379 3771 508 3843 praediis
533 3773 565 3827 V
563 3773 643 3825 midir‘
668 3764 812 3844 Quadrati
836 3782 865 3826 et
892 3775 1028 3824 Antonii:
1060 3751 1127 3842 opus
1154 3787 1191 3820 ex
1210 3766 1321 3842 figlino
1346 3766 1433 3817 Sexte·

184 3869 249 3916 Atii
268 3865 379 3917 Silvani
392 3903 400 3922 .
414 3903 444 3920 ..
458 3865 493 3919 .”
531 3865 613 3922 Haec
632 3864 673 3922 ibi
690 3862 873 3923 Muratorius
893 3863 1062 3921 adnotavit:
1085 3863 1136 3938 qui
1155 3860 1266 3918 Vmidii
1282 3856 1433 3930 Quadrati

184 3958 305 4031 praedia
325 3959 433 4015 referri
453 3977 490 4015 ex
510 3977 582 4015 vero
602 3958 693 4016 vidit:
718 3971 751 4016 ut
770 3971 800 4016 et
817 3958 950 4036 figlinam
970 3957 1041 4016 Sex.
1063 3957 1125 4013 Atii
1145 3952 1278 4021 Silvaui3
1304 3961 1336 4008 at
1358 3950 1441 4029 qnid.

184 4068 221 4105 ex
237 4051 271 4105 F.
291 4052 343 4107 ΑΙ.
364 4053 471 4120 saciat,
492 4063 573 4109 totus
589 4055 695 4110 nescit.
725 4052 809 4125 Quae
828 4070 920 4109 versu
939 4050 1071 4108 secundo
1091 4060 1241 4116 extremo,
1263 4063 1337 4124 quae
1358 4047 1433 4103 item

183 4161 274 4200 versu
293 4147 382 4201 tertio
405 4157 538 4203 extremo
553 4146 694 4224 leguntur
711 4149 743 4203 in
763 4148 913 4223 scriptura
934 4143 1113 4211 orbiculari,
1134 4135 1171 4198 ea'
1191 4159 1246 4218 ego
1265 4142 1297 4196 in
1317 4157 1433 4195 eorun-

184 4237 252 4293 dem
273 4257 414 4295 vcrsuum
443 4241 559 4296 initium
584 4253 656 4315 puto
685 4243 845 4298 transferri
873 4251 1014 4315 oportere
1043 4249 1073 4294 et
1099 4236 1224 4313 legenda
1254 4252 1320 4303 csse
1349 4233 1432 4290 hunc

183 4333 216 4387 in
235 4332 369 4389 modum:
398 4333 484 4391 OPus
509 4337 579 4405 (nisi
600 4336 690 4391 fuerit
714 4337 814 4409 potius
842 4335 878 4391 de
903 4352 986 4391 more
1013 4333 1100 4389 solito
1123 4330 1162 4387 Ο.
1189 4329 1227 4385 D.
1253 4329 1274 4385 i.
1297 4345 1323 4384 e.
1348 4327 1432 4399 Opus

183 4426 360 4490 Doliari'um,
385 4446 562 4503 quamquam
584 4446 664 4484 nunc
692 4427 755 4485 ΟΡ.
783 4428 896 4495 solum,
923 4445 1004 4483 utine
1026 4424 1120 4482 DOL.
1143 4423 1240 4479 solum
1261 4422 1443 4495 reperitur..

183 4536 211 4574 r.
233 4518 313 4575 Mur.
336 4526 405 4586 500.
432 4526 477 4579 15.
498 4533 527 4576 et
550 4526 608 4586 25.)
647 4521 703 4578 Ex
723 4523 785 4579 PR.
808 4522 892 4582 VMI.
914 4520 1036 4593 QVAD.
1064 4518 1128 4574 ET.
1151 4517 1233 4573 ANl.
1257 4514 1349 4572 FAV.
1372 4513 1432 4571 Ex

181 4611 230 4668 ΡΙ.
252 4611 345 4670 SEX>
363 4614 429 4680 AT.
452 4613 574 4680 SILV.:
606 4617 646 4672 ita
672 4627 706 4672 ut
730 4617 801 4674 ANI
825 4634 931 4673 versus
958 4613 1083 4671 secundi
1109 4622 1276 4669 extremum
1303 4610 1363 4679 sit,
1398 4618 1431 4665 et
