3090 5116
168 252 208 310 ιι
407 223 446 310 οξ
462 249 504 308 x.
543 248 619 308 nes
638 248 813 308 eremos
832 247 981 309 norrun
999 212 1180 307 ιιοιιιιιι.Ι

169 399 265 460 neque
284 381 392 460 gentile
410 355 534 448 nouieu,
555 399 651 458 neque
669 399 835 458 cognomen
854 397 980 457 usquam
998 371 1069 464 alibi
1087 379 1231 438 occurrit.
1268 375 1412 436 Occurrit

169 495 244 554 gens
270 470 512 534 unnnlonvnt
538 493 642 551 saepes
671 485 704 532 at
727 491 893 552 cognomen
918 471 1096 531 (annulus
1123 491 1183 531 non
1209 471 1330 529 invenio
1353 469 1413 528 nisi
1446 511 1449 515 .

169 571 201 626 ιιι
220 570 307 628 Grnt.
328 573 402 636 617,
423 573 470 637 5.,
505 568 584 647 quod
612 570 681 646 quia
709 567 750 625 ibi
778 579 847 624 ante
876 567 1012 623 lacunam
1035 565 1124 624 cubat
1155 563 1413 640 cusulo-,m
1487 585 1492 596 ¹

169 665 276 721 merito
301 661 449 729 dubitavi,
480 682 519 719 an
543 662 670 719 schedae
689 661 867 720 Vrsiuiauae
894 679 999 727 verum
1021 659 1167 719 dederint.
1206 659 1275 717 Non
1295 656 1412 716 dedisse
1533 727 1535 731 Ι

169 749 232 813 ridi
249 775 286 815 ex
299 756 377 812 Don.
392 755 474 813 VIII.
497 762 543 815 71.
565 775 594 831 p.
608 761 686 823 551,
707 753 757 811 ubi
776 765 808 812 ut
826 754 936 812 inedita
955 753 1059 822 datnr;
1081 772 1177 831 neque
1197 753 1291 829 magis
1312 751 1410 818 scirit,

169 861 343 923 corruptam
367 859 397 906 et
420 856 555 907 mancam
580 851 611 908 in
636 849 767 906 Grutero
791 849 865 924 legi,
896 847 1080 906 lllnretorins
1101 852 1174 914 959,
1194 850 1224 908 6.
1255 864 1299 903 ex·
1314 844 1412 902 Donio

171 953 287 1000 tantum
305 943 390 999 dens.
432 942 512 1014 Quid
529 944 621 1018 igitur
639 943 754 1002 restat?
782 944 889 1000 tacitus
909 944 996 1001 citius
1017 941 1130 1000 audies.

210 1035 384 1113 Explosis
409 1034 637 1113 cognominibus
664 1034 852 1105 SERVIVS,
885 1047 915 1093 et
941 1033 1117 1094 GRANIVS
1148 1033 1194 1090 vel
1223 1030 1409 1101 euuvlvs,

168 1147 210 1185 sn
233 1129 511 1188 immisericorditer
534 1148 551 1185 a
576 1147 624 1186 me
647 1126 683 1186 fit
709 1127 899 1205 duriterque,
935 1131 962 1186 si
988 1129 1216 1203 inscriptionem
1235 1127 1411 1203 Pigbianam
1528 1198 1535 1207 ἱ

169 1240 207 1279 ex
229 1225 425 1300 genuinarum
447 1241 571 1282 numero
596 1223 785 1299 expungam?
818 1222 893 1280 Eam
916 1225 982 1300 quis
1009 1221 1134 1289 viderit,
1168 1239 1272 1279 onmes
1299 1231 1409 1278 tacent.

79 1359 83 1364 -
170 1314 292 1375 Certum
315 1328 375 1386 est,
409 1319 538 1393 primum
564 1316 708 1375 editorem
726 1315 871 1374 Smetimu
896 1335 958 1375 non
983 1317 1109 1383 vidisse,
1144 1315 1194 1392 qui
1215 1335 1231 1374 a
1250 1315 1365 1390 Pighio,
1378 1332 1411 1370 se
1526 1389 1529 1398 Ι

168 1413 320 1485 accepisse
345 1409 461 1471 scribit.
502 1411 616 1470 Collata
641 1429 709 1468 cum
734 1410 791 1467 ills.
819 1411 917 1487 Pighii
941 1411 974 1469 iu
999 1411 1087 1467 Grut.
1116 1408 1171 1467 Ed.
1200 1427 1261 1467 sec.
1290 1407 1410 1466 dicitur.

99 1542 125 1565 ,.
170 1503 270 1578 Quid?
297 1506 322 1561 si
342 1523 407 1563 earu
425 1505 547 1581 Pighius
568 1504 677 1563 Romae
702 1523 740 1562 ex
764 1502 896 1567 lontibus
922 1522 984 1562 nou
1008 1521 1218 1580 usquequaque
1238 1502 1412 1584 limpidissi-

168 1599 241 1665 mis,
270 1598 300 1658 id
319 1609 365 1656 est
383 1617 420 1655 ex
439 1598 556 1657 schedis
577 1610 708 1665 tantmn,
738 1595 834 1656 πολλὰ
852 1600 911 1677 μὲν
930 1598 1048 1663 ἐσθλὰ,
1077 1600 1174 1657 uallo
1193 1598 1224 1655 δὲ
1243 1595 1298 1656 καὶ
1314 1591 1414 1672 λυγρὰ

169 1693 349 1791 complexis,
378 1693 506 1748 fortasse
531 1691 717 1768 ligericum,
749 1691 827 1748 nude
846 1691 953 1748 multas
974 1690 1112 1768 Pighium
1137 1691 1271 1747 hausisse
1294 1688 1411 1748 aliunde

168 1780 323 1851 novimus,
354 1788 384 1842 in
411 1804 480 1842 snas
506 1787 625 1843 chartas
650 1785 814 1842 derivarit?
841 1783 987 1862 Apicibus
1014 1785 1085 1841 olim
1112 1781 1242 1857 syllabas
1268 1782 1411 1860 quondm

168 1879 274 1956 longas
302 1880 402 1936 notari
429 1881 460 1935 in
491 1866 689 1936 marmoribus
721 1877 896 1961 quibusdam
927 1881 1118 1936 consuevisse
1149 1879 1222 1935 satis
1250 1879 1408 1936 nonianus.

158 1974 281 2031 sedin
303 1973 450 2049 I’ighiano
478 1992 583 2033 tersus
608 1975 698 2049 primi
724 1973 846 2047 syllabis
871 1972 985 2033 duabus
1010 1973 1108 2049 longis
1135 1971 1231 2032 solum
1257 1972 1411 2046 impositos

169 2077 309 2125 accentus
330 2086 411 2134 esse,
441 2079 653 2144 praetereaque
673 2067 745 2124 nulli
765 2068 860 2127 vocali
878 2068 1035 2144 longaeua
1055 2065 1191 2125 versibus
1214 2084 1322 2125 novem
1340 2063 1412 2121 reli·

169 2162 252 2238 quis,
283 2150 354 2217 num
379 2160 463 2218 valde
489 2161 605 2236 placet?
640 2161 698 2234 Qui
719 2161 952 2220 SACERDotem
969 2159 1071 2219 10v1s
1095 2159 1275 2218 Tonante
1300 2175 1414 2235 cogno-
1462 2160 1466 2167 ’

125 2248 128 2268 “
168 2257 248 2313 mine
267 2255 387 2316 insolito
407 2254 568 2324 SERVIO,
593 2257 715 2333 eiusque
732 2258 856 2316 fratrem
875 2257 1053 2333 cognomine
1072 2254 1174 2313 itidem
1195 2255 1294 2311 inviso
1313 2252 1413 2310 Gun-

168 2347 261 2407 vas
282 2348 329 2406 vel
346 2348 538 2416 GRAVIVS,
567 2348 653 2406 nobis
673 2348 829 2407 obtrusum
848 2352 918 2416 ivit,
946 2368 983 2405 ex
1002 2348 1125 2405 ΡΑΡΙΑ
1143 2344 1240 2414 tribu,
1268 2347 1410 2413 omnium,

169 2453 201 2500 ut
225 2445 284 2519 ipsi
308 2441 480 2511 videbatur,
510 2454 539 2500 et
566 2444 655 2520 rugo
679 2442 855 2520 putabatur,
886 2444 1052 2502 certissima
1071 2440 1204 2500 nantem
1224 2459 1310 2500 suam
1330 2439 1413 2498 dete·
1468 2442 1472 2451 ’

170 2548 251 2596 ctum
270 2539 325 2605 iri,
345 2540 396 2594 uix
415 2539 539 2612 putavit.

245 2630 277 2705 d)
305 2630 339 2687 si
357 2632 483 2688 raraxime
501 2648 572 2686 vera
593 2631 633 2689 sit
652 2649 727 2688 urna
747 2629 907 2705 Pigbiaua,
939 2631 966 2688 ιι
986 2631 1142 2687 verissime
1168 2630 1336 2703 exscripta,
1370 2628 1411 2684 ita

170 2726 306 2785 utinen
329 2721 377 2780 bis
396 2723 518 2780 PAPIA
543 2723 702 2800 sculpserit
728 2742 833 2781 manns
859 2724 996 2800 antiqua,
1031 2742 1121 2801 quum
1146 2721 1203 2779 alie
1229 2739 1412 2780 marmorum

169 2817 296 2875 aliorum
315 2817 615 2892 exempla'uondnm,
646 2814 724 2894 quod
745 2819 855 2884 sciam,
886 2818 1069 2894 prodierint,
1101 2835 1176 2895 qnae
1194 2817 1316 2874 ΡΑΡΙΑ
1336 2817 1414 2872 tribu

170 2928 301 2986 expense
321 2912 445 2977 sistant,
469 2912 637 2986 prodierint
656 2921 754 2968 antem
775 2912 882 2978 multa,
910 2930 984 2989 qnae
1003 2912 1167 2972 PAPlulu
1187 2930 1243 2989 per
1261 2911 1413 2968 extensio·

170 3022 238 3060 uem
263 3004 416 3061 literarum
438 3015 603 3071 ostentent,
634 3007 807 3070 coniiciam,
830 3006 989 3080 'scalprum
1007 3004 1045 3063 ab
1064 3007 1078 3062 1
1097 3008 1198 3082 priore
1209 3006 1257 3086 ὶιιι
1276 3005 1290 3061 l
1309 3015 1413 3080 poste·

170 3102 233 3156 rins
253 3097 299 3153 hia
318 3100 543 3172 properavisse3
572 3100 656 3154 euius
675 3101 793 3175 generis
816 3111 914 3156 errata
935 3098 1051 3157 l'abrilia
1071 3112 1234 3158 occurrunt
1256 3109 1410 3166 sexcenta,

170 3193 203 3248 in
228 3195 332 3266 primia
357 3190 407 3248 ubi
433 3191 562 3264 syllabae
589 3192 701 3248 inediae
727 3195 756 3248 in
777 3193 900 3254 eandem
925 3191 1070 3252 cadebant
1090 3194 1231 3253 vocalem.
1272 3193 1324 3250 Sic
1344 3193 1413 3249 BE·

169 3286 370 3352 NEblENTl,
392 3285 668 3353 INCONPABILI,
692 3286 938 3357 INGREDILIS,
962 3287 1113 3355 ΒΗΟΡΕς
1141 3289 1411 3362 prohemiorum,

168 3380 394 3451 incomparabili,
414 3381 600 3448 incredibilis,
618 3380 756 3453 Rhodope.

176 3489 180 3496 '
245 3472 428 3530 Muratorius
454 3473 490 3529 ad
512 3481 598 3541 1087,
622 3482 648 3534 1.
679 3472 717 3531 οι)
743 3475 828 3531 ΡΑΡ.
857 3473 1083 3533 TICINENSIS
1111 3476 1218 3549 repetit
1240 3475 1412 3549 opinionem

168 3584 268 3635 suain,
290 3567 383 3620 Ticini
401 3585 510 3623 nomeu
529 3568 598 3624 olim
617 3586 795 3625 conversum
813 3569 906 3626 fuisse
926 3571 957 3625 in
977 3569 1111 3641 Papiam,
1137 3568 1215 3644 qrmd
1235 3568 1262 3624 T
1265 3570 1411 3625 icinenses

168 3658 259 3718 tribui
280 3662 389 3735 Papiae
408 3659 552 3734 adscripti
570 3662 690 3718 luerint.
725 3662 817 3718 Ιιιιιιιο
837 3662 980 3738 adscripti
1000 3663 1121 3721 luerunt
1140 3659 1231 3718 tribui
1250 3661 1412 3726 PAPirtae,

168 3773 228 3811 nou
255 3754 387 3811 Puera..
428 3754 516 3825 Quod
541 3753 649 3810 ibidem
674 3757 705 3812 iu
732 3766 865 3812 extremo
890 3758 990 3831 posuit
1012 3755 1068 3812 Vir
1089 3753 1317 3822 celeberrimus,
1351 3774 1413 3812 non

144 3866 326 3923 rpossnnms
347 3868 407 3905 non
431 3851 567 3923 accipere
593 3851 680 3923 grati.
721 3850 891 3920 „Gruterus
918 3870 985 3926 pag.
1008 3855 1097 3915 1095,
1127 3855 1154 3905 7.
1187 3851 1414 3924 inscriptionem

168 3943 358 3999 Ticincnseui
377 3944 470 4000 refert
493 3945 619 4016 positam
643 3943 680 3998 T.
701 3943 814 4000 DIDIO
835 3943 876 4000 Μ.
899 3943 933 3999 F.
955 3943 1044 4000 PAL.
1067 3940 1222 4000 PlllSCO.
1261 3942 1413 4000 Adhibitis

168 4054 224 4112 ego
249 4036 343 4092 octilis
369 4039 441 4093 meis
471 4034 510 4092 ibi
536 4035 684 4111 legebam,
716 4036 757 4092 Μ.
779 4038 813 4093 F.
840 4037 929 4093 PAP.
957 4034 1132 4094 PlllSCO.''
1162 4065 1192 4080 -··
1221 4029 1295 4113 qnae
1323 4055 1415 4112 quum

168 4127 318 4186 scriberet
336 4130 536 4197 bluratorius,
563 4148 623 4186 non
643 4129 807 4205 cogitabat,
835 4150 867 4190 sc
887 4141 977 4187 totana
999 4133 1224 4206 inscriptionem
1244 4141 1313 4206 post
1333 4131 1425 4187 Gru-'

167 4233 265 4281 terum
287 4223 424 4280 elaturum
450 4241 532 4280 esse:
561 4222 641 4280 dedit
666 4235 763 4282 autem
784 4230 873 4293 1119,
896 4228 922 4282 l.
955 4225 989 4280 de
1018 4225 1105 4295 Papia
1130 4222 1228 4290 tribu,
1259 4234 1288 4280 et
1314 4225 1414 4278 Ticino

167 4316 235 4373 inde
256 4317 345 4388 Papia
365 4317 460 4383 dicto,
491 4319 596 4372 iterum
617 4328 835 4383 commentans,
867 4337 961 4395 neque
981 4318 1140 4394 quidquam
1166 4320 1237 4375 nori
1264 4319 1412 4375 adferens.

166 4410 211 4468 De
231 4412 347 4463 Colonia
368 4411 477 4463 Ticinio
497 4414 527 4467 in
549 4411 635 4467 Grut.
651 4417 722 4478 552,
746 4416 772 4469 5.
802 4412 1002 4487 explodenda,
1031 4412 1124 4489 deque
1146 4414 1262 4466 Colonia
1283 4417 1415 4486 papiensi

166 4502 203 4561 ab
224 4505 289 4578 ipso
311 4503 475 4561 blneatorio
495 4504 615 4579 explosa
638 4508 668 4560 iu
688 4503 806 4581 Spuriis
831 4510 920 4572 1793,
944 4513 969 4560 2.
993 4517 1093 4572 taceo,
1117 4517 1149 4562 ut
1168 4507 1279 4562 liniam.

242 4600 318 4655 Ante
339 4609 454 4665 tamen,
482 4618 568 4674 qnam
588 4597 704 4665 liniam,
733 4618 768 4654 nc
790 4598 859 4676 qnid
878 4599 1080 4656 dissimulasse
1103 4601 1222 4668 ridear,
1254 4610 1304 4656 aut
1323 4619 1413 4675 prrae-
