3090 5116
541 1337 814 1417 cAPvT
871 1306 1131 1417 xv'11.··

200 1639 586 1749 commem.
642 1638 1010 1749 CORPORA.
1068 1612 1368 1797 soom]-

201 1835 334 1944 cm.
416 1835 762 1944 scflomss
811 1833 1222 1943 mmmmm
1263 1831 1369 1942 ET

595 2029 969 2139 ommcvm.

236 2476 405 2550 Quaedam,
436 2496 510 2556 quae
529 2456 587 2536 Imc
606 2494 723 2565 quoqme
741 2477 851 2534 referri
869 2477 1052 2552 potuissent,
1084 2475 1175 2533 velut'i
1194 2477 1407 2543 Foeneratum,

159 2574 288 2627 διοίσω
307 2578 505 2637 materiarum,
525 2569 634 2649 qussms
651 2570 776 2647 collegii
794 2589 905 2629 nomen
925 2570 1097 2628 adiunctum
1117 2589 1178 2627 non
1197 2581 1262 2626 erat
1282 2572 1313 2627 in
1331 2569 1408 2646 lapi-

160 2663 264 2732 dibus,
293 2664 427 2744 dpbimus
448 2665 552 2741 Capite
571 2667 709 2741 proximo
730 2664 766 2723 de
786 2664 901 2722 artibus
922 2675 952 2721 et
971 2663 1110 2740 opificiis.
1145 2665 1285 2723 Ceterum
1304 2665 1409 2722 confer

159 2757 314 2834 incapite
340 2759 376 2816 de
395 2757 495 2816 Rebus
521 2762 616 2818 sacris
643 2761 807 2817 sectionem
834 2759 870 2818 de
890 2760 1030 2837 collegiis
1058 2772 1088 2818 et
1116 2758 1275 2818 sodaliciis
1299 2760 1407 2817 sacris.

160 2850 309 2911 Sodalicia
338 2864 369 2910 et
397 2853 526 2931 Collegia
556 2853 779 2931 distinguuntur
808 2855 839 2910 in
869 2854 989 2930 Fragm.
1020 2852 1111 2929 Legis
1134 2849 1280 2908 Serviliae
1306 2855 1407 2926 p.15.

158 2953 256 3018 quem
286 2953 339 3000 εἰει·
374 2947 481 3001 sodalis
510 2954 574 3004 siet.
620 2956 716 3021 queive
748 2954 779 3001 in
809 2949 904 3001 eodem
942 2947 1070 3016 conlegio
1100 2951 1162 3001 stet.
1204 2942 1256 3002 ubi
1287 2943 1409 3001 consule

159 3038 327 3097 Elenzium.

235 3173 321 3231 4054.
361 3171 537 3248 Exemplum
556 3168 616 3228 albi
636 3170 778 3250 collegii,
811 3192 939 3250 quocum
964 3170 1180 3230 conferendum
1208 3169 1288 3227 aliud
1313 3168 1409 3226 simle

160 3282 210 3342 tp.
231 3264 319 3323 Grut
339 3284 371 3342 p
364 3270 459 3334 .126,
483 3273 565 3327 127.=

235 3358 329 3435 MV¹)
358 3357 495 3417 ACILIO
526 3357 760 3417 GLABRIONE
792 3359 834 3417 Μ.
863 3358 1041 3417 VALERIO
1077 3355 1250 3415 HOMVLO
1284 3353 1359 3413 COS
1394 3353 1407 3414 Ι
1453 3391 1463 3411 .

160 3451 273 3511 ORDO
302 3450 635 3512 CORPORATORVM
662 3452 1008 3511 LENVNCVLARIOR
1039 3452 1052 3513 Ι
1084 3448 1409 3510 TABVLARIORVRI

158 3544 407 3606 AVXILIARES
428 3544 612 3606 OSTIENS.

236 3639 420 3699 PA'IRONI

173 3750 176 3756 ·
234 3731 277 3792 Μ.
299 3732 541 3792 SEDATVSC.
561 3733 598 3790 F.
620 3732 883 3792 SEVERIANVS.

234 3828 272 3886 Τ.
294 3808 536 3886 PRIFERNIVS
557 3825 638 3886 SEX
656 3827 691 3884 F
712 3827 871 3887 PAETVS
895 3825 1096 3886 ROSIANVS
1118 3823 1309 3884 GEMINVS.

233 3922 276 3979 Μ.
299 3920 500 3979 SEDATIVS
521 3921 563 3979 Μ.
571 3921 620 3979 ·.1²
643 3919 824 3993 SEVERVS
843 3910 980 3981 IVLIVS
1001 3920 1186 3979 REGINVS.

234 4016 269 4075 C.
290 4015 492 4074 A.ELIVSC
513 4015 547 4073 1².
570 4014 808 4075 FVSCIANVS.

235 4111 272 4167 L.
293 4108 496 4170 VOLVSIVS
516 4109 752 4169 MARClANVS
773 4110 841 4185 QQ.

199 4203 327 4283 (nomina
341 4213 494 4279 praeterea
514 4192 582 4280 IV.)

200 4318 203 4327 ·
313 4297 452 4372 QVINQ.
473 4298 587 4356 PERP.

236 4392 279 4452 Μ.
301 4389 529 4450 CORNELIVS
549 4390 806 4450 EPAGATHVS.

315 4482 463 4560 QVINQ.'

229 4575 281 4642 Μ.
295 4578 521 4641 ''ANTISTIVS
544 4578 701 4638 AELIVS.
