3090 5116
233 335 382 435 Opera
418 335 711 437 philologica
748 360 861 410 cura
898 337 960 411 lo.
1001 335 1133 436 Casp.
1172 335 1370 436 Orellii,

292 501 321 548 et
341 490 508 568 sumptibus
528 490 640 561 Orelli,
661 491 811 549 Fncsslini
831 502 861 548 et
874 490 963 549 Socc.
978 490 1064 549 Lihr.
1080 492 1306 550 Turicensiutn.

178 874 406 940 Ciceronis,
436 874 478 932 M.
501 874 558 941 T..
591 892 682 950 opera
703 893 778 952 quae
799 886 962 950 supersunt
986 876 1104 941 omnia,
1136 894 1170 931 ac
1197 874 1428 951 deperditorum-

252 953 438 1026 fragmenta,
466 970 589 1027 recogn.
611 963 641 1008 et
660 951 787 1027 singulis
806 949 893 1007 libris
913 950 950 1006 ad
971 952 1115 1025 optimam
1134 970 1283 1027 quamque
1301 970 1420 1010 recens.

251 1036 326 1083 cast.
349 1025 442 1082 cdl.
465 1025 499 1083 C.
522 1025 706 1084 Orellius.
746 1026 798 1084 IV.
813 1024 926 1082 volum.
948 1031 976 1096 (7
990 1031 1117 1101 partes.)
1156 1026 1338 1085 Lexicon-ss.

179 1188 211 1202 -
254 1187 285 1199 —-
326 1155 578 1214 Academicorum
610 1155 682 1214 libri
702 1157 742 1213 II.
777 1169 805 1214 ct
835 1157 870 1213 de
898 1152 1010 1212 finibus
1038 1154 1188 1213 bonorum
1217 1168 1247 1213 ct
1273 1158 1422 1215 irtalormn
1505 1185 1513 1197 ·

251 1230 324 1290 libri
342 1234 380 1291 V.
403 1232 552 1289 accedunt
572 1232 693 1297 Aurelii
712 1233 875 1307 Augustini
895 1231 1039 1287 adversus
1060 1231 1256 1295 Academicos
1276 1232 1345 1289 libri
1365 1234 1420 1291 111.

250 1307 712 1440 llbblvbbllllllnA-bcfdemioe‘
735 1307 853 1365 lllorelii
866 1306 1074 1363 adnotationes
1088 1318 1145 1364 etc.
1161 1306 1208 1365 ed.
1224 1307 1248 1363 I.
1265 1308 1299 1364 C.
1316 1308 1422 1366 Orel-

181 1544 213 1558 -
256 1545 287 1557 -
329 1513 491 1587 Orationes
511 1511 698 1586 Philippicae
718 1513 749 1569 in
764 1512 805 1569 Μ.
819 1512 1003 1579 Αηῑοηίιιιης
1025 1513 1171 1569 accedunt
1190 1512 1333 1589 epistolae
1352 1524 1423 1587 post

250 1589 565 1721 fiaggarigppgrggurp
578 1590 726 1664 scriptae,
747 1607 816 1645 cum
828 1590 924 1645 variis
938 1586 1134 1655 lectionibus;
1162 1586 1209 1644 ed.
1225 1588 1249 1645 I.
1266 1587 1299 1645 C.
1315 1586 1423 1645 Orel-

182 1826 215 1841 -
263 1826 294 1838 -
337 1794 468 1862 Orator,
489 1793 618 1859 Brutus,
644 1792 690 1849 To
713 1794 759 1849 ica
779 1792 864 1851 etde
884 1805 946 1871 opt.
969 1813 1037 1869 gen.
1059 1806 1213 1851 oratorum
1233 1814 1300 1852 cum
1320 1806 1424 1855 annot.

253 1869 287 1927 C.
317 1869 417 1926 Beieri
443 1880 471 1926 et
497 1869 641 1925 Editoris.
692 1813 717 1924 h
747 1868 842 1926 Codd.
874 1870 936 1927 San
960 1870 1010 1926 all.
1041 1870 1186 1928 Einsiedl.
1215 1870 1289 1945 Reg.
1320 1868 1422 1927 Viteb.

252 1945 377 2021 Erlang.
409 1943 507 2001 denuo
543 1943 718 2001 emendavit
737 1945 761 2000 Ι.
793 1945 827 2001 C.
856 1890 1042 2017 Orellius.
1091 1946 1261 2002 Praemisso
1291 1956 1337 2002 est
1362 1946 1421 2020 Ep.

251 2022 358 2077 critica
379 2018 416 2076 ad
435 2020 620 2096 Madvigium
640 2019 675 2076 dc
689 2018 763 2077 Cdd.
786 2019 857 2097 aliq.
873 2018 1063 2097 Sangallens.
1321 2021 1331 2041 ‘

120 2208 125 2231 ι
182 2182 214 2196 -
257 2182 288 2194 -
329 2150 571 2207 Tusculanarum
590 2150 825 2225 disputationum
844 2148 915 2207 libri
935 2151 973 2208 V.
1019 2152 1067 2209 Ad
1094 2149 1182 2208 iidem
1201 2153 1308 2226 potiss.
1330 2151 1419 2211 codd.

254 2226 341 2301 Regii
361 2227 458 2282 denuo
484 2225 601 2292 collati,
630 2226 798 2300 Gryphiani
818 2237 848 2282 et
866 2225 1031 2283 Beruensis
1051 2247 1121 2283 cum
1141 2230 1258 2303 integra
1277 2232 1422 2283 varietate

254 2303 448 2369 Victoriana,
479 2302 673 2368 blanutiana,
703 2300 920 2367 Lambiniana,
955 2302 1133 2368 Dat'isiana,
1167 2302 1420 2369 Lallemandiann,

253 2378 453 2445 Ernestiana,
487 2374 639 2435 Wolliana
661 2387 691 2432 et
709 2375 910 2433 Schuctaiana
931 2376 1124 2454 reliquaeque
1145 2388 1287 2439 accurato
1306 2376 1423 2435 delectu

253 2470 376 2528 recogn.
403 2453 427 2508 1.
455 2450 489 2509 C.
519 2451 700 2509 Orcllius.
741 2452 853 2508 Acced.
875 2451 1045 2509 Paradoxa.
1092 2453 1144 2508 Fr.
1167 2451 1301 2511 Fabricii
1327 2452 1424 2508 adno-

46 2538 49 2547 ·
163 2578 167 2585 ,
253 2530 394 2583 tationes.
435 2526 470 2582 ll.
493 2526 621 2582 Bentleii
641 2526 875 2582 eruendationes.
919 2527 943 2582 I.
965 2528 989 2583 1.
1011 2528 1118 2583 lteislte
1143 2527 1262 2586 libellus
1277 2528 1419 2595 nariam.

252 2602 322 2658 lect.
343 2602 367 2657 1.
390 2602 413 2657 I.
435 2601 608 2657 Hottinreri
628 2600 826 2676 spicilegium.
856 2602 880 2658 F
884 2643 891 2656 .
907 2602 945 2658 A.
962 2600 1068 2660 Wollii
1087 2602 1256 2658 scholarum
1273 2612 1422 2675 ,excertto

256 2695 326 2733 cum
351 2676 492 2733 additam.
521 2649 644 2733 editoris
665 2687 695 2731 ct
714 2676 824 2735 selecta
843 2679 950 2733 variet.
973 2678 1060 2734 codd.
1082 2676 1246 2754 Duishurg.
1294 2621 1421 2752 lichdig.

254 2748 385 2807 Vindob.
408 2753 574 2827 utriusque.
610 2751 791 2810 Lexicon-h.

178 2881 394 2948 Isocratis,
416 2880 522 2939 Oratio
543 2882 578 2938 de
598 2884 818 2958 permutatione
832 2900 848 2938 e
862 2879 936 2938 Cod.
953 2879 1057 2937 Msstis
1078 2879 1230 2955 supplente
1251 2878 1288 2938 ab
1301 2879 1425 2941 Andre&

218 2956 399 3030 lllustoxyde
419 2976 482 3014 rec.
503 2967 532 3013 et
552 2977 615 3016 var.
637 2956 704 3015 lect.
728 2957 789 3032 adj.
810 2957 835 3013 I.
857 2956 891 3016 C.
914 2954 1104 3013 Orellius.
1143 2956 1241 3030 humi.

491 3200 785 3265 Postmodum
826 3199 1111 3286 prodibunt:

180 3377 387 3438 Ciceronis
408 3375 674 3446 scholiastae,
696 3377 889 3446 Victorinus,
911 3376 1072 3443 Boethius,
1094 3377 1245 3433 Asconius
1259 3376 1423 3445 Pedianus,

255 3455 434 3526 Anonymus
454 3451 674 3508 Ambrosianus
695 3465 724 3510 et
744 3454 906 3510 Vaticanus
927 3464 997 3509 cett.
1025 3471 1086 3508 uno
1113 3453 1264 3509 volumine
1284 3472 1425 3527 compre-

254 3527 545 3677 lppnbsaclldaidpltajl.
575 3527 609 3585 C.
638 3527 823 3587 Orellius.
870 3529 991 3597 Turici,
1017 3531 1098 3613 typis
1125 3528 1250 3598 Orellii,
1276 3528 1450 3585 Fuesslini'

181 3733 482 3793 Ciceronianam
509 3731 794 3791 Onomasticum
819 3751 846 3804 s.
867 3732 987 3789 Indices
1014 3733 1151 3789 historici
1177 3744 1207 3791 et
1232 3733 1427 3809 geographici

255 3812 287 3866 in
307 3809 483 3867 Ciceronem
512 3811 598 3866 novis
629 3810 711 3865 curis
740 3806 885 3865 elaborati
912 3806 948 3863 ab
974 3809 999 3865 1.
1028 3808 1063 3864 C.
1094 3807 1257 3868 Orellio.
1297 3808 1426 3867 Accedit

256 3882 432 3941 Fabricii
461 3883 531 3940 Vita
561 3884 733 3953 Ciceronis,
769 3883 865 3940 Index
897 3884 1030 3943 Graecus
1063 3894 1133 3943 cett.
1187 3884 1312 3950 'surici,'
1345 3884 1427 3958 typis

256 3959 381 4029 Orellii,
402 3959 554 4020 Fuesslini
573 3971 602 4016 et
623 3957 713 4017 Socc.
754 3960 852 4034 8maj.

181 4089 377 4159 Niaolius,
399 4093 463 4147 sive
476 4056 612 4148 Lcnicon¹
627 4090 860 4148 ciceronianum
873 4091 1013 4149 criticum
1032 4091 1119 4145 novis
1140 4091 1221 4146 curis
1241 4088 1428 4149 elaboratum

257 4164 294 4226 ab
308 4167 333 4223 1.
346 4164 554 4229 (borellia.
583 4166 705 4237 Turici,
726 4168 809 4246 typis
829 4165 954 4237 Orellii,
975 4165 1127 4227 Fuessliui
1147 4174 1176 4225 et
1196 4164 1285 4226 Socc.
1325 4168 1425 4245 umaj.
