3090 5116
107 260 109 265 '
172 285 226 339 ιιι
516 279 550 338 c.
572 279 654 337 xm.
694 275 770 336 aus
791 276 1063 335 MVNICIPAMS.

246 409 276 486 a)
304 409 473 469 CONSVL.
513 410 674 468 Consulum
696 411 921 485 municipalium
945 411 1058 477 honor,
1089 410 1204 487 dequo
1234 393 1348 466 summa
1369 419 1417 466 est

170 505 249 560 iuter
275 507 357 561 viros
384 504 487 561 doctos
513 507 680 571 contentio,
714 516 775 561 tion
801 505 889 559 nimis
915 505 1005 560 certis
1032 506 1230 560 monumentis
1257 505 1413 560 inuititurc

170 608 240 654 sunt
265 599 345 654 enim
365 597 412 654 vel
436 596 541 655 dubiae
568 600 689 655 omuino
710 598 864 677 ledtionis‚
895 617 984 674 quum
1004 595 1090 654 COS.
1112 598 1184 654 illud
1203 597 1277 671 niale
1298 599 1415 653 exscri-

168 701 253 766 ptum
276 708 342 748 esse
368 701 456 769 queat
483 711 539 767 pro
565 691 649 749 CES.
677 691 807 758 Censor,
841 691 888 748 vel
911 689 982 749 licta
1007 710 1123 768 quoque
1144 711 1160 748 a
1181 688 1412 756 recentioribus,

169 785 288 841 inanem
307 787 368 842 suis
389 786 557 860 municipiis
579 804 616 842 ex
640 796 739 842 vetere
760 785 923 844 Consulatu
949 784 1103 861 gloriolam
1130 783 1335 860 captantibus,
1367 783 1415 841 uel

169 878 295 955 denique
316 879 460 936 Consules
482 880 630 936 Romanos
654 879 812 945 suffectos,
843 879 941 935 Fastis
961 880 1078 956 ignotos
1098 888 1279 958 memorent,
1310 876 1414 956 quales

169 973 300 1049 quotidie
320 974 382 1029 lere
408 975 440 1029 in
459 975 539 1029 saxis
565 992 670 1030 recens
697 976 791 1030 erutis
811 974 956 1040 inveniri,
990 972 1162 1030 observavit
1187 975 1244 1029 iam
1263 972 1413 1030 lilarinius

167 1067 235 1118 Atti
248 1075 282 1122 ,2.
310 1086 341 1142 p.
365 1070 434 1136 767,
464 1077 493 1123 ct
513 1071 577 1128 789.
619 1065 807 1142 Scriptorum
834 1078 965 1122 veterum
991 1086 1051 1124 non
1076 1069 1170 1144 magis
1200 1076 1299 1123 certos
1327 1065 1413 1122 locos

168 1145 377 1236 colleglt⁴0tto
397 1161 431 1212 de
451 1161 543 1215 Aedtl.
563 1180 593 1236 p.
612 1165 658 1220 67.
699 1161 769 1217 Piso
789 1171 868 1216 certe
889 1163 994 1215 Consul
1012 1164 1170 1233 Catapanus
1189 1160 1329 1217 Ciceroni
1349 1162 1414 1217 iro·

166 1255 233 1309 nice
253 1263 367 1310 tantuna
387 1253 506 1310 dicitur.

208 1370 325 1446 ”sus
365 1384 403 1440 u.
425 1384 457 1442 ιι
479 1384 490 1442 ιι
514 1385 551 1457 Q.
573 1367 753 1442 ruraoul
780 1382 989 1444 unitionis
1013 1384 1099 1443 cos.
1132 1385 1233 1454 arv.¹)
1262 1416 1294 1428 -
1340 1384 1413 1442 no-

166 1479 291 1549 rentiae.
334 1477 408 1535 Gori
426 1479 490 1533 Etr.
506 1485 535 1539 3.
555 1498 585 1554 p.
602 1477 726 1535 LXXV.

202 1595 227 1652 l)
254 1575 271 1642 i.
292 1613 314 1644 c.
340 1593 456 1642 Consulis
473 1598 651 1656 inunicipulis,
680 1613 710 1643 ex
728 1599 797 1644 Corii
816 1601 937 1654 opinione.
974 1560 1020 1643 Setl
1039 1612 1080 1643 nce
1099 1597 1261 1656 incomputis
1279 1598 1412 1643 addidisset

164 1666 235 1711 heres
258 1667 282 1711 io
307 1672 473 1721 monumento,
503 1681 560 1720 uec,
589 1668 609 1711 si
632 1669 668 1712 vol
694 1669 795 1713 masline
823 1669 846 1712 id
864 1670 973 1722 iecisset,
1003 1668 1142 1712 vestibulum
1161 1682 1188 1711 ea
1207 1672 1261 1712 uota
1280 1669 1409 1727 signasset.

165 1736 232 1779 llaucl
263 1736 452 1790 improbabiliter
482 1737 570 1780 Marini
598 1736 649 1781 Atta·
667 1734 691 1781 2.
720 1752 744 1793 p.
764 1735 823 1784 ⁴29.
860 1739 896 1784 Μ.
927 1739 955 1781 V.
984 1738 1154 1793 interpretatur
1181 1735 1318 1800 ttugntfict
1345 1735 1410 1781 Vtri.

66 1844 67 1848 ,
165 1806 256 1849 Consul
275 1807 347 1865 igitur
366 1807 439 1850 inerit
457 1807 570 1864 suffectus
588 1807 642 1851 euni
662 1809 756 1853 incerti.

238 1928 323 1983 3776.
363 1907 558 1982 asumma:
590 1925 623 1981 c.
651 1925 725 1982 sn..
757 1925 1002 1983 cantimsrnu
1034 1923 1067 1983 c.
1097 1926 1132 1982 F.
1160 1924 1346 1982 courvim
1371 1922 1408 1980 t..

165 2000 289 2076 uvscl
313 2018 324 2075 ιι
346 2000 520 2076 Fausasl
539 2019 780 2089 Attraounut
802 2021 813 2077 ι
837 2014 923 2077 cos:
947 2017 1407 2077 m⁷r1nnua·rns.n.o.-

164 2111 264 2169 Castel
292 2111 321 2168 cli
352 2111 481 2188 Sangro.
512 2144 543 2156 -
578 2112 763 2190 (Romanclli
788 2112 967 2187 Topograſsa
992 2114 1030 2169 T.
1051 2121 1078 2169 2.
1106 2133 1136 2189 p.
1159 2117 1223 2174 l85.
1253 2110 1305 2169 ubi
1330 2111 1409 2168 idem

162 2224 268 2262 error:
303 2207 436 2259 Consules
457 2206 659 2280 diffidemus,
690 2225 748 2284 pro
772 2210 932 2279 Aproniemi
956 2208 1085 2260 Consulis
1113 2205 1246 2277 [suffecti
1277 2206 1407 2263 fortasse

163 2301 234 2355 anni
255 2302 318 2360 168.
339 2299 386 2356 vel
406 2299 552 2356 ordinarii
572 2320 599 2357 a.
622 2304 704 2373 t9l.]
725 2299 901 2377 repetitur.)

238 2436 322 2490 3777.
364 2430 401 2487 n.
418 2429 498 2487 aas
521 2433 533 2488 ιι
556 2429 907 2489 arimannorum
931 2415 1241 2502 reomaensi.
1263 2419 1406 2489 cussit

162 2522 283 2578 PON'I.
307 2523 419 2580 PERP.
443 2522 543 2579 REIP.
566 2522 639 2579 1³18.
662 2554 699 2567 -
736 2524 824 2580 Pisis.
853 2522 985 2580 Fabrett.
1001 2543 1030 2597 p.
1044 2530 1108 2590 725³,
1128 2529 1192 2590 439,
1213 2534 1242 2580 et
1257 2531 1321 2591 725,
1339 2529 1405 2584 tto.
1446 2566 1451 2581 .

162 2617 236 2673 Gor.
257 2618 322 2671 Etr.
337 2626 362 2671 2.
384 2636 413 2691 p.
431 2623 475 2676 15.
516 2617 552 2673 ln
570 2619 666 2692 priori
690 2628 791 2675 tamen
810 2617 869 2692 lap.
899 2617 1034 2672 llaorso.
1057 2617 1130 2674 llas.
1162 2619 1333 2692 suspicatur
1358 2620 1407 2674 in-

161 2710 252 2786 telligi
274 2712 481 2785 Apronianum
502 2710 659 2768 Consulem
680 2731 707 2767 a.
725 2731 754 2785 p.
774 2711 845 2768 Chr.
864 2715 940 2777 191„
961 2710 1086 2767 alterum
1106 2724 1276 2786 suspectum
1295 2710 1406 2769 habent

162 2803 317 2860 Corsinius
338 2805 460 2878 Symbol.
483 2807 550 2859 Gor.
565 2809 592 2864 6.
614 2824 643 2880 p.
661 2810 726 2865 160.
754 2805 845 2860 Turr.
866 2806 948 2859 Mon.
963 2806 1028 2859 Vct.
1050 2808 1119 2858 Ant.
1138 2824 1168 2880 p.
1184 2808 1250 2867 560.
1279 2803 1403 2880 („Coss.

161 2898 193 2952 in
215 2896 339 2954 coloniis
356 2891 395 2954 ''et
418 2900 586 2972 municipiis
612 2900 704 2954 fuisse
731 2907 776 2954 est
802 2897 1020 2954 falsissimum.’'
1061 2899 1178 2954 lieines.
1205 2900 1259 2970 Ep.
1285 2900 1326 2951 ad
1341 2894 1405 2970 δυ.
1444 2948 1451 2964 ,

160 2997 240 3044 stiam.
268 3011 297 3065 p.
321 2974 407 3066 tls.)
430 3023 461 3034 -
492 2993 570 3049 Ante
596 2988 697 3048 omnia'
720 2991 834 3048 fraudis
864 2994 1021 3068 uestigium
1045 2993 1124 3048 inest
1147 2993 1180 3049 in
1206 2992 1307 3067 inepto
1333 2992 1403 3051 illoc

161 3084 248 3142 COS.
268 3085 312 3154 1.,
334 3086 412 3162 quod
431 3096 528 3142 tamen
548 3086 715 3142 defenditur
734 3105 750 3141 a
769 3084 909 3142 Cossinio
928 3088 960 3141 in
980 3085 1112 3160 Epistola
1132 3104 1202 3142 mox
1223 3085 1382 3143 laudanda.

237 3223 320 3277 sus.
362 3187 648 3274 voaunurmvs
690 3216 702 3275 ιι
745 3214 939 3274 sancvms
972 3215 1140 3273 nnnuuu
1158 3209 1182 3284 1ι·
1223 3217 1234 3273 ι
1275 3216 1402 3274 osuio

162 3307 414 3366 srnnuomau
448 3308 584 3368 vatius
618 3310 794 3368 canum
833 3311 845 3368 ιι
883 3308 1096 3366 racvunvs
1128 3308 1354 3368 roarrmvs
1388 3310 1401 3369 ι

159 3403 412 3460 MVNa'rtnlvs
443 3404 479 3460 V.
512 3405 534 3462 C
566 3408 578 3462 ΙΙ
612 3402 763 3479 CONS.²)
792 3401 981 3461 nlvsnlttt.
1018 3430 1057 3448 —
1107 3402 1246 3460 catanae.
1288 3404 1404 3462 Torre-

159 3515 265 3552 mu'aza
285 3516 315 3571 p.
334 3505 365 3565 7,
388 3501 433 3556 16.
482 3541 488 3550 .

195 3615 219 3669 l)
239 3615 434 3669 Constantinum,
455 3583 622 3659 Constantium
641 3622 664 3660 ct
682 3616 836 3662 constantim
854 3616 988 3677 intelligunt
1005 3615 1166 3662 Petaraionus
1184 3622 1208 3662 et
1225 3617 1401 3664 Torretnom.

158 3682 183 3738 2)
211 3686 349 3798 Habcgsshxic
366 3685 495 3729 Consulem
512 3686 679 3742 municipalem
696 3692 762 3730 extra
780 3687 877 3731 dubium
900 3688 1018 3743 positum,
1043 3687 1089 3731 nisi
1108 3692 1186 3732 tannen
1205 3689 1228 3732 io
1248 3688 1325 3744 lapide
1345 3689 1399 3744 ipso

159 3755 246 3799 fuecit:
318 3754 364 3798 i'S.

233 3878 317 3934 5779.
358 3873 398 3930 Μ.
429 3872 623 3930 IVVENTIO
662 3872 675 3930 ll
709 3872 750 3930 Μ.
781 3873 816 3929 F.
846 3874 924 3931 FAB
957 3874 969 3931 ΙΙ
1001 3872 1197 3931 SECVNDO.
1228 3873 1355 3932 tt1xau
1385 3873 1398 3932 Ι

68 4003 74 4008 -
159 3964 369 4023 POSTVMIO
390 3966 550 4024 PANSAE
573 3966 585 4024 ΙΙ
607 3966 841 4024 VALERIANO
868 3968 880 4025 ll
909 3966 994 4024 COS.
1025 3998 1056 4010 -
1103 3967 1234 4023 Brixiae.
1275 3967 1401 4027 Bianclti

158 4061 266 4113 Marm.
288 4063 377 4114 Crem.
402 4080 432 4135 p.
451 4060 516 4118 XC.
557 4060 679 4131 „Quum
698 4061 729 4115 in
749 4062 833 4117 fastis
853 4059 1060 4118 consularibus
1080 4071 1184 4118 neuter
1206 4073 1398 4130 memoretur,

158 4154 297 4208 videntur
328 4153 447 4208 Brixiae
481 4156 605 4206 comulas
637 4155 658 4210 i.
688 4172 715 4210 e.
748 4148 896 4209 duumuiri
930 4154 1050 4209 luisse.”
1083 4153 1217 4212 Bianchi.
1258 4153 1320 4212 Sed
1351 4158 1398 4214 hic

157 4266 273 4323 quoque
293 4244 381 4303 dubia
400 4258 571 4313 remanent3
593 4267 662 4303 nam
682 4248 754 4302 mihi
772 4265 848 4301 nnus
868 4258 913 4302 est
932 4249 1030 4320 potius
1050 4250 1268 4327 solecismum*
1284 4249 1398 4308 Consul

157 4339 299 4395 suffectus
320 4343 390 4395 anni
409 4343 528 4397 incerti:
550 4340 684 4415 Scaliger
706 4342 809 4392 Arason.
829 4340 904 4395 Lect.
918 4341 957 4395 II.
979 4340 1011 4396 C.
1030 4347 1076 4399 23.
1106 4339 1298 4398 Consulatum
1319 4342 1398 4401 Bur-

158 4433 343 4506 dogalenscm
364 4434 488 4489 Ausonii
510 4433 635 4490 indicari
656 4432 816 4489 arbitratus
844 4435 934 4488 estin
958 4434 1063 4508 iaagtn.
1086 4436 1217 4490 incertae
1237 4434 1396 4495 lectionis:

157 4525 247 4583 ΠΕΟ.
278 4525 424 4583 AVSON.
456 4526 543 4585 COS.
575 4527 808 4584 OLYMPIADE
839 4526 1010 4582 LXXXIII.
1050 4534 1109 4580 sive
1144 4528 1331 4588 Lxxxffll.
1368 4552 1397 4589 v.

156 4620 287 4678 Cominii
311 4621 466 4693 Epistolam
494 4623 527 4673 de
552 4622 751 4691 Burdigalemi
781 4624 900 4673 Arasonii
932 4623 1093 4675 considam.
1124 4624 1154 4678 in
1184 4623 1269 4680 Actis
1300 4625 1395 4684 Rcud

1087 4779 1094 4787 o
