3090 5116
610 112 616 193 l

431 258 468 320 c.
488 256 590 321 xxn.
628 230 1110 334 maantam‘aumova.
1337 260 1396 321 soa

224 394 277 466 15]
295 388 680 451 numentanattetanm
699 391 795 468 prior.
823 389 929 450 Periae
949 390 1101 449 Carmenti
1120 388 1159 449 ob
1177 389 1302 448 eandem
1320 408 1395 448 cau·

146 502 228 557 ram,
249 483 289 544 ob
308 502 397 564 quam
414 485 518 543 Karta.
539 504 567 542 ι.
588 482 787 543 d.111.ldus.
825 482 884 543 llic
904 483 968 542 dies
988 484 1098 543 dieitur
1117 483 1272 542 institutus
1290 501 1307 541 a
1327 482 1394 541 Ma-

145 598 250 641 nereo
268 579 397 656 Aemilio
416 579 587 647 Dictatore,
616 576 701 654 (voto
727 583 880 657 suscepto)
905 580 933 637 si
956 577 1086 638 Fidenas
1114 596 1150 637 eo
1178 578 1226 636 die
1254 577 1393 652 cepisset.

147 672 213 733 cn.
228 674 367 751 Pogginii
380 672 520 727 Addenda
532 690 563 747 p.
580 674 644 733 tlt.
677 669 714 727 ln
726 672 889 748 specimine
907 674 971 730 aeri
986 675 1094 741 inciso,
1116 683 1146 730 ct
1157 671 1236 749 apud
1249 669 1395 729 Woll'tum

146 767 290 826 nenton
309 767 433 845 tegens:
466 766 521 823 111.
542 762 647 823 mvs.
667 763 891 825 nuacvuus.
912 767 1089 825 mclrvn.
1110 764 1326 823 msmuvrs.
1340 806 1348 822 .
1360 752 1392 823 ’..

223 864 275 933 16]
295 860 371 936 Imp.
395 860 508 918 Caesar
525 852 681 936 Augustus
698 869 744 916 est
762 859 946 937 appellatus,
968 863 1035 936 ipso
1048 859 1114 917 VII.
1132 871 1162 916 et
1173 860 1308 935 Agrippa
1322 859 1394 917 Cos.

148 972 180 1011 ιι.
201 972 230 1012 c.
251 960 317 1017 727.
342 984 373 996 -
409 940 598 1011 Concordiae
616 952 771 1028 Augustae
790 951 878 1010 aedes
898 953 1033 1012 dedicata
1052 964 1114 1022 est,
1135 953 1170 1010 P.
1191 950 1345 1009 Dolabella
1366 963 1397 1010 et

130 1046 186 1137 ,⁶⁸
202 1045 307 1105 Silano
320 1046 391 1105 Cos.
406 1064 436 1103 u.
453 1065 480 1103 c.
497 1050 561 1106 765.
583 1045 632 1104 Ti.
651 1044 762 1102 Caesar
782 1064 820 1103 ex
839 1047 1005 1104 Pannoniis
1024 1047 1220 1122 triumphavit
1239 1064 1269 1102 ιι.
1284 1063 1312 1103 c.
1329 1050 1394 1106 765.

226 1143 277 1212 17]
298 1138 460 1197 Pontifices
481 1139 650 1216 (Augures,
670 1138 739 1195 XV.
754 1139 820 1197 Viri
835 1138 868 1197 S.
884 1140 955 1217 Fe)
974 1140 1042 1197 Vn.
1063 1140 1129 1196 Viri
1149 1139 1278 1215 Epulon.
1299 1141 1397 1197 victu·

150 1251 216 1291 mas
238 1232 383 1290 inmolant
393 1274 486 1289 .....
509 1233 636 1303 (arnual)
655 1231 815 1291 dedicavit.
852 1234 900 1291 Ti.
923 1234 1045 1304 Caesar,
1065 1233 1136 1291 Divi
1155 1235 1284 1313 Augusti
1302 1232 1396 1292 Filius
1489 1258 1492 1265 ’

151 1326 338 1403 (templuml)
358 1326 494 1402 Angusto
514 1325 672 1383 dedicauit.

225 1423 278 1492 27]
299 1417 398 1476 Aedes
418 1419 553 1476 Castoris
573 1430 603 1475 et
620 1418 750 1477 Pollucis
769 1419 903 1479 dedicata
925 1430 981 1477 est.

228 1515 281 1584 29]
307 1512 412 1569 Ferioe
437 1529 476 1567 ex
500 1510 534 1569 S.
557 1511 591 1570 C.
619 1510 783 1590 quod....
810 1512 867 1589 (De
893 1513 1018 1569 marinis
1044 1509 1170 1569 navibus
1194 1509 1397 1571 Naumachiae

153 1606 312 1664 occasione
332 1603 369 1661 ab
382 1605 520 1682 Augusto
540 1604 571 1662 in
591 1603 735 1679 Campum
750 1605 890 1664 Martium
909 1604 1064 1681 productis
1077 1605 1219 1663 Verrium
1237 1606 1285 1662 hic
1304 1604 1398 1663 rerba

150 1699 260 1757 fecisse
280 1700 358 1756 iuter
378 1698 435 1755 alia
454 1707 540 1773 putat
557 1697 581 1754 F
583 1697 747 1775 ogginius.)
784 1697 872 1756 Hunc
893 1708 923 1756 et
940 1708 1096 1776 posterum
1115 1699 1193 1757 diem
1211 1698 1307 1757 Divus
1322 1699 1397 1757 Cae·

152 1796 205 1849 sai·
223 1790 353 1859 addidit,
374 1802 408 1849 ut
426 1802 587 1869 augeretur
607 1809 714 1849 annus.

227 1889 279 1958 50]
299 1885 405 1943 Feriae
424 1903 462 1942 ex
478 1883 512 1942 S.
529 1883 563 1941 C.
579 1883 658 1962 quod
678 1903 713 1944 eo
732 1885 780 1943 die
799 1904 851 1943 ara
866 1885 954 1943 Pacis
967 1886 1121 1965 Augustae
1140 1888 1172 1945 in
1192 1905 1297 1965 campo
1312 1886 1397 1946 Mar·

148 1979 195 2036 tio
214 1978 350 2037 dedicata
370 1990 433 2049 est,
452 1978 555 2037 Druso
576 1988 606 2036 et
624 1978 765 2055 Crispino
785 1979 855 2038 Cos.
875 1983 906 2036 ι’.
928 1998 956 2037 c.
978 1984 1043 2042 715.

641 2108 904 2171 FEBRVARIVS.

229 2213 263 2287 1]
283 2230 313 2271 ιι.
335 2232 362 2273 c.
384 2218 450 2279 755.

681 2345 873 2407 MARTIVS.
957 2371 960 2379 ·

229 2446 357 2523 Martius
376 2445 414 2506 ah
433 2449 609 2507 Latinorum
629 2449 685 2507 deo
705 2450 811 2508 llarte.
845 2449 1024 2527 Appellandi
1044 2450 1143 2526 itaque
1163 2446 1242 2524 apud
1259 2445 1393 2505 Albanos

141 2552 185 2601 et
203 2543 363 2620 plerosque
387 2543 514 2619 populos
535 2543 615 2602 Latii
639 2563 705 2601 mos
729 2545 807 2602 idem
832 2546 887 2601 snit
911 2554 980 2601 ante
1006 2542 1157 2600 conditam
1176 2542 1310 2600 Romam.
1354 2542 1397 2600 Ut

154 2648 253 2694 autem
271 2638 322 2694 alii
341 2637 483 2705 credunt,
505 2638 585 2715 quod
604 2639 631 2695 ei
651 2657 738 2696 sacra
757 2637 835 2697 liunt
853 2640 910 2695 hoc
929 2656 1043 2694 mense.

231 2733 263 2803 1]
287 2759 316 2773 ·-
340 2730 419 2807 quod
438 2750 474 2788 eo
494 2731 541 2789 die
560 2733 648 2790 aedes
669 2735 732 2790 eius
752 2733 810 2817 coli
830 2743 935 2807 coepta
961 2742 1006 2789 est
1032 2750 1087 2807 per
1112 2741 1280 2799 matronas,
1309 2749 1398 2808 quum

154 2835 279 2882 voverat
298 2823 425 2882 Albinus
447 2825 491 2902 (v.
512 2826 650 2907 Pogginii
668 2825 748 2885 Add.
769 2845 800 2903 p.
822 2825 922 2902 115).
1004 2866 1033 2882 ..

230 2921 263 2990 6]
290 2918 397 2975 Feriae
417 2937 455 2975 ex
475 2918 508 2987 S.
532 2920 584 2988 (L,
613 2920 692 2997 quod
718 2941 754 2979 eo
779 2921 826 2977 die
851 2921 927 2996 Imp.
955 2920 1066 2977 Caesar
1086 2920 1238 2994 Augustus
1259 2918 1398 2975 Pontifex

154 3030 234 3069 max.
254 3014 350 3069 lactus
370 3023 426 3081 est,
448 3012 586 3085 Quirinio
607 3025 636 3071 ct
648 3014 753 3091 Valgia
768 3015 837 3073 Cos.
856 3033 887 3071 ιι.
902 3034 929 3071 c.
946 3019 1010 3073 7⁷12.
1028 3043 1060 3059 ··
1081 3013 1238 3069 Dunmviri
1253 3013 1398 3087 (Praene-

154 3107 239 3181 stini)
260 3108 396 3163 uictimas
413 3107 575 3165 immolant.
606 3107 738 3183 Populus
751 3119 912 3166 coronatus
925 3108 1048 3165 feriatus
1062 3105 1100 3163 ob
1121 3106 1245 3163 eandem
1263 3124 1396 3164 causam.

228 3202 260 3271 7]
280 3200 385 3257 Periae
405 3201 470 3259 Iovi
489 3219 543 3258 seu
563 3201 688 3261 Vediovi
708 3203 799 3259 Arois
818 3201 907 3278 (lapis
926 3199 1015 3259 habet
1033 3199 1168 3276 ARTIS)
1188 3199 1329 3258 Vediovis
1350 3202 1398 3257 in-

153 3302 201 3350 ter
220 3292 279 3350 duo
297 3293 392 3351 lucos.

230 3389 281 3458 to]
304 3387 409 3445 Feriae
429 3406 467 3445 ex
487 3386 520 3446 S.
543 3388 596 3456 C.,
625 3388 704 3466 quod
724 3407 759 3446 eo
779 3388 825 3446 die
846 3388 894 3445 Ti.
916 3386 1028 3446 Caesar
1046 3387 1187 3445 Pontifex
1205 3386 1277 3444 Μιι
1301 3387 1397 3443 laetus

154 3489 218 3550 est,
237 3480 338 3538 Druso
358 3491 387 3539 et
405 3479 549 3540 Norbano
569 3483 638 3541 Cos.
661 3502 691 3539 ιι.
713 3502 740 3540 c.
762 3487 827 3543 768.

231 3578 282 3647 19]
303 3574 500 3653 Quinquatria
514 3617 628 3633 ......
650 3580 876 3634 nominarentur
901 3571 1050 3632 artificum
1077 3572 1157 3643 dies;
1185 3572 1263 3651 quod
1283 3571 1398 3629 llliner-

155 3683 208 3725 ιιι
229 3667 316 3725 aedes
336 3671 366 3725 in
386 3670 536 3727 Aventino
555 3689 591 3727 eo
610 3669 658 3727 die
677 3682 723 3728 est
741 3680 928 3727 consecrata.
956 3669 1083 3725 Faciunt
1103 3670 1135 3726 iu
1154 3667 1281 3725 Comitio
1302 3666 1395 3724 saltus

154 3760 252 3832 (Salii)
273 3761 458 3820 adstantibus
477 3763 674 3821 Pontificibus
694 3776 723 3822 et
743 3761 879 3822 'l’ribuno
900 3763 1048 3820 Celerum.

226 3853 527 3928 231Tubitustrium.
567 3858 707 3916 Nefastus
733 3859 829 3934 prior.
868 3857 973 3914 Feriae
994 3857 1095 3914 lilarti.
1135 3855 1192 3913 Hie
1219 3864 1276 3912 eet.
1301 3886 1332 3898 -
1354 3853 1394 3928 Q.

152 3946 289 4006 Lutatius
310 3950 433 4008 Catulus
455 3981 486 3993 -
509 3954 540 4008 iu
559 3953 646 4008 ruina
666 3951 774 4010 Palatii
793 3953 908 4009 incensi
929 3962 986 4007 cet.

227 4044 278 4116 21]
307 4043 344 4116 Q.
367 4044 402 4100 R.
425 4043 459 4102 C.
480 4045 515 4102 F.
544 4044 608 4103 Hae
623 4057 720 4119 ‚notae
740 4046 851 4121 duplici
871 4044 959 4102 modo
979 4046 1038 4101 iant
1058 4041 1094 4100 ab
1114 4042 1244 4118 antiquis
1265 4041 1420 4119 explica.

134 4164 137 4169 ·
151 4132 261 4194 bantur
274 4148 341 4193 ants
362 4137 489 4209 Quando
503 4139 567 4195 Rex
578 4139 748 4197 comitiavit
757 4140 826 4208 Pas,
848 4151 914 4196 aut:
936 4137 1064 4209 Quando
1078 4138 1142 4194 Rex
1156 4136 1284 4193 Comitio
1296 4136 1396 4213 Fugit.

150 4230 288 4288 Priorem
303 4233 439 4307 sequitur
453 4234 729 4311 interpretationem
742 4234 868 4291 Verrius
882 4232 1025 4289 Flaccus:
1046 4231 1135 4288 Hunc
1155 4230 1233 4288 diem
1251 4228 1396 4307 plerique,

151 4340 311 4401 perperam
330 4324 368 4397 Q.
388 4325 424 4382 R.
446 4326 480 4385 C.
501 4327 536 4383 F.
559 4329 807 4404 interpretantes,
830 4337 937 4403 putant
955 4325 1116 4401 appellari,
1138 4324 1218 4402 quod
1238 4343 1274 4381 eo
1293 4325 1341 4383 die
1362 4344 1399 4397 er

152 4420 272 4476 comitio
292 4420 403 4496 fugerit
421 4438 487 4477 rex.
525 4420 604 4479 Nam
630 4440 725 4499 neque
746 4421 929 4498 Tarquinius
956 4417 1029 4476 abiit
1054 4438 1091 4477 ex
1112 4418 1256 4485 Cossutio,
1284 4428 1314 4476 et
1339 4418 1398 4475 alio

153 4530 271 4589 quoqne
290 4530 392 4568 mense
411 4512 477 4581 (IX.
498 4512 564 4571 Kal.
585 4514 697 4581 Iunios)
724 4515 826 4573 eadem
846 4532 932 4570 sacra
951 4511 1037 4570 sumt.
1078 4510 1252 4589 (Ignorabat
1270 4512 1395 4579 seilicet,

151 4604 209 4664 boc
235 4607 272 4665 de
298 4607 501 4664 vetustissimo
527 4609 604 4677 ritu,
632 4627 670 4665 ex
697 4628 755 4688 quo
785 4606 840 4665 sub
867 4606 988 4685 regibus
1014 4608 1079 4684 ipse
1097 4605 1180 4675 Rex,
1206 4617 1310 4683 postca
1330 4605 1396 4664 Rex
