3090 5116
190 283 229 344 06
563 275 703 348 CXIV.
741 273 818 334 Rus
837 220 1058 334 MILITARIS.

266 409 393 487 Magnus
412 408 508 467 adbuc
525 406 612 468 labor
627 407 826 467 'insumendus
844 417 891 464 est
910 404 1102 477 ordinandis,
1129 403 1318 481 explicandis,
1332 397 1436 462 emenss

190 501 354 581 dandisque
373 503 539 579 Legionum
557 513 587 560 et
604 503 736 559 numeris
756 512 786 559 et
803 498 1030 578 cognominibus
1048 501 1093 568 ei,
1124 501 1175 577 qui
1201 499 1350 556 velintne
1369 516 1436 556 ma·

190 599 270 656 iores
288 598 479 655 collectiones
499 596 570 654 velit
589 595 763 654 subsistere.
790 593 855 652 Nos
873 613 947 652 vero
964 612 1022 671 pro
1041 592 1285 651 nostriinstit'uti
1303 594 1433 664 ratione,

191 691 335 770 quaedam
355 691 507 749 dumtaxat
525 691 595 748 binc
614 689 683 747 inde
702 686 877 747 delibamus.

184 806 190 818 ¹
265 822 349 895 5570.
388 831 507 889 Veteris
526 832 572 918 rei
592 804 931 906 publicaetemporibus
957 828 1181 907 distinguuntur
1199 846 1217 884 a
1237 827 1344 910 ceteris
1363 826 1435 887 LE-

190 922 339 982 GIONES
373 923 598 996 QVATTVOR
628 923 792 982 PRIMAE.
822 920 943 997 lPolyb.
969 925 1005 992 6,
1037 927 1082 984 19.
1129 920 1193 979 Cic.
1218 940 1275 995 pru
1304 922 1435 981 coenem

191 1016 225 1075 C.
248 1022 294 1078 51.
332 1017 452 1096 Fragm.
473 1018 558 1088 Lego
576 1019 713 1071 Serviliae
739 1017 785 1075 ed.
805 1016 929 1075 Kleuze.
955 1036 986 1093 p.
1007 1022 1054 1078 5.ι
1082 1013 1307 1088 „TRIBVNVS
1327 1013 1433 1072 MILI-

190 1110 278 1168 TVM
297 1109 542 1170 LEGIONIBVS
562 1109 759 1184 QVATVOR
776 1109 912 1169 PRIMIS
932 1109 1087 1182 ALIQVA
1106 1108 1270 1167 EARVM”
1292 1139 1323 1152 ··
1352 1108 1444 1187 quod·
1521 1117 1524 1122 “

188 1203 314 1263 Klenzio
342 1224 449 1281 parmn
479 1205 660 1284 intellectum
668 1204 683 1276 ,'
710 1204 928 1286 simplicissima
958 1203 1076 1282 quidem
1103 1205 1220 1260 ratione
1248 1203 1323 1260 nibil
1351 1202 1432 1261 alind

190 1295 339 1376 siguificat
362 1300 436 1355 nisi:
471 1297 646 1372 ,Tribunus
672 1298 798 1356 militum
826 1296 896 1375 (in)
920 1297 1018 1376 aliqua
1043 1296 1255 1375 (saliculas)
1280 1297 1432 1376 legionum

188 1379 260 1451 ΪΪΙῘ.
281 1392 474 1469 primarum·”

217 1509 218 1513 '
264 1538 349 1596 ssu.
388 1533 422 1594 c.
452 1532 636 1593 unvsws.
656 1532 759 1597 ‚sun
788 1531 824 1590 a.
854 1531 934 1590 cuv
964 1532 977 1591 ι
1006 1530 1144 1617 natvs
1172 1529 1384 1590 unvamma
1415 1530 1430 1593 ι
1463 1612 1466 1616 A

189 1616 735 1686 cuurvmo.1.nu1ou.x·x·x’x
762 1627 775 1686 ι
803 1625 982 1684 avuvsm
1007 1623 1204 1684 causatus
1226 1625 1238 1684 ι
1263 1624 1316 1683 ur
1337 1625 1433 1684 cnu-

35 1758 39 1765 ·
116 1779 127 1794 ,
175 1719 315 1783 ,TVRIO
335 1720 594 1781 CLASSICVSll
620 1720 677 1778 EX
697 1718 987 1778 TESTAMENTO.
1020 1750 1052 1762 -
1100 1720 1137 1777 In
1165 1738 1239 1797 agro
1264 1721 1432 1778 Tudertinc

106 1820 109 1824 ’
188 1831 227 1872 ex
245 1808 366 1872 scbedis'
381 1816 546 1873 Vaticanis.
585 1813 718 1872 Fabrett.
744 1834 775 1891 p.
796 1815 869 1882 619,
897 1817 960 1873 167.
1000 1813 1097 1888 (Dou.
1118 1833 1148 1889 p.
1171 1819 1241 1889 225,
1263 1819 1309 1874 15.
1349 1813 1430 1873 Mur.

188 1914 260 1976 811,
288 1909 338 1984 8.)
375 1906 507 1965 Fabrett.
538 1927 568 1984 p.
589 1912 674 1977 662.,
707 1909 780 1965 baec
808 1906 947 1964 adnotate
982 1906 1153 1979 „Numerus
1181 1905 1347 1983 Legionnm
1380 1927 1430 1984 ap.

190 2000 353 2059 Gruterum
373 2003 557 2079 trigesimam
581 2003 714 2080 quintam
733 2019 795 2058 non
814 2000 949 2060 excedite
976 2000 1022 2076 (de
1039 2020 1094 2073 qua
1112 2002 1241 2058 XXXV.
1262 2020 1328 2055 mox
1346 2002 1433 2055 vids-

188 2096 301 2168 bimus.)
327 2097 399 2173 quin
418 2107 448 2154 ct
466 2096 541 2153 adeo
558 2097 691 2153 incertus
710 2096 781 2165 fnit,
808 2105 843 2153 nt
860 2095 928 2151 Dio.
949 2093 985 2151 L.
1002 2098 1066 2163 55.,
1093 2092 1289 2164 dubitaverit,
1313 2113 1357 2153 an
1375 2093 1433 2152 sub

188 2189 326 2266 'Augusto
345 2187 461 2247 XXIII.
488 2190 536 2247 vel
554 2188 652 2246 XXV.
669 2189 841 2247 alerentur.
881 2188 1038 2266 Appianas
1059 2190 1141 2243 caan.
1162 2195 1195 2256 5,
1219 2192 1266 2258 6.,
1297 2199 1432 2265 tempore

187 2282 317 2341 foederis
338 2282 516 2343 Mutinensis
535 2283 572 2341 ad
591 2281 703 2341 XLIII.
724 2282 912 2350 ascendisse,
937 2282 990 2340 aed
1007 2293 1076 2358 post
1095 2281 1316 2360 Philippensem
1334 2284 1450 2361 victo·¹

181 2377 265 2460 ¹niam
283 2376 321 2433 ad
339 2375 483 2435 XXVIII.
506 2377 647 2435 reductas
671 2388 786 2434 namt.
826 2375 970 2434 Columna
995 2367 1160 2433 Maffueurt'
1178 2374 1265 2433 Grut.
1289 2381 1359 2446 515,
1387 2364 1449 2459 5.,1

186 2481 257 2547 post
294 2470 459 2531 Traianum
495 2471 548 2547 (ut
583 2487 622 2528 ex
658 2473 849 2529 recensione.
867 2468 940 2546 Leg.
971 2467 1072 2526 XXX.
1106 2469 1212 2545 leiae
1241 2469 1431 2548 colligltnre)

187 2562 336 2621 XXXIII.
354 2576 502 2624 numerat.
540 2564 652 2622 Nostra
671 2565 764 2642 igitur
783 2565 958 2639 inscriptio,
985 2580 1060 2640 qnae
1080 2563 1117 2620 dc
1135 2563 1202 2620 XL.
1222 2566 1356 2622 meminit
1374 2562 1431 2622 sub
1501 2557 1509 2575 “

187 2657 326 2734 Angusto
349 2657 478 2716 Caesare
503 2660 634 2736 viguisse
660 2657 786 2719 dicenda
811 2668 874 2726 est,
902 2667 1059 2734 antequam
1085 2658 1199 2715 seilicet
1224 2660 1250 2715 is
1274 2676 1436 2716 nnmerum

188 2751 342 2829 nunquam
360 2751 577 2810 imminueret.”
606 2752 763 2809 Pei-tinent
781 2752 839 2808 buc
858 2752 1011 2828 sequeutia
1031 2768 1069 2807 ex
1087 2750 1198 2809 inedita
1218 2751 1432 2809 Haosnurcnu

188 2843 227 2902 ad
252 2843 396 2903 Comitem
422 2845 607 2903 lloucalliutn
633 2844 790 2904 Paulinum
817 2844 953 2920 epistola.
987 2833 1061 2923 (III‘.
1087 2844 1132 2904 Id.
1160 2844 1433 2922 Febrnsr.1756·)

188 2936 256 3011 „De
272 2948 325 2995 tuo
344 2938 493 2996 Antoniae
520 2939 616 3015 gentis
642 2937 783 3007 denario,
812 2940 844 2996 in
870 2958 929 3016 quo
948 2938 1021 3017 Leg.
1042 2938 1145 2997 XXX.
1173 2949 1284 3009 exstet,
1314 2941 1359 2997 sic
1378 2941 1434 2998 bs·

187 3028 274 3088 beto:
308 3031 434 3090 Antonii
457 3031 590 3110 Auguris
616 3030 660 3088 III
678 3031 745 3090 Viri
769 3031 806 3090 R.
827 3033 862 3090 P.
886 3032 919 3091 C.
959 3031 1051 3110 Legio
1070 3032 1173 3090 XXX.
1201 3052 1293 3111 seque
1317 3033 1434 3091 admitti

188 3136 304 3202 potest,
332 3145 367 3184 ac
387 3129 418 3184 in
437 3144 511 3183 saxo
530 3123 704 3183 Fabrettino
723 3125 744 3183 l.
765 3126 786 3185 l.
810 3125 903 3203 Legio
921 3126 1056 3184 XXXX.
1096 3128 1180 3201 Quae
1199 3129 1279 3184 enim
1296 3126 1434 3185 Eubretti

188 3220 324 3277 doctrina
344 3221 380 3280 de
400 3238 525 3278 numero
544 3219 709 3298 Legionum
731 3230 777 3277 est
798 3232 994 3279 commentata
1016 3221 1037 3278 l.
1061 3221 1094 3289 1,,
1121 3221 1158 3279 ad
1176 3222 1301 3279 Antonii
1322 3221 1434 3298 Legio-
1457 3215 1469 3231 ““

188 3326 257 3371 nem
277 3313 381 3371 XXX.
404 3333 466 3374 non
487 3315 602 3383 minus,
636 3332 724 3392 quam
747 3312 784 3371 sd
806 3315 933 3390 Augusti
957 3314 994 3371 L.
1018 3314 1150 3372 XXXX.
1173 3317 1324 3392 pertinere
1346 3315 1434 3374 iacil-

186 3406 254 3464 lime
279 3407 482 3484 intelligimus.
522 3407 650 3465 Possum
674 3407 746 3486 dare
766 3407 861 3464 Gorio
883 3407 920 3464 ad
934 3395 1018 3463 'Dum
1037 3412 1107 3474 225,
1131 3412 1194 3476 15.,
1221 3407 1350 3464 insusse
1367 3406 1433 3463 Do·

187 3502 307 3557 nisnam
341 3503 459 3558 numeri
491 3501 649 3559 lectionem
679 3498 843 3558 LEGION.
879 3499 997 3557 XXXI.
1042 3498 1233 3557 FabrettInae
1264 3498 1430 3558 LEGION.

186 3593 320 3652 xxxx.
340 3606 512 3671 praestare:
534 3605 564 3652 ut
582 3611 658 3671 qnae
679 3592 803 3651 Gorimu
822 3596 914 3650 movit
932 3596 1022 3663 ratio,
1044 3597 1075 3651 in
1094 3593 1205 3670 Scalig.
1226 3595 1320 3648 Indice
1340 3595 1429 3651 Grut.

188 3687 242 3748 Vl.
260 3688 409 3766 Legiones
431 3706 587 3745 numerum
607 3686 736 3745 XXXV.
760 3703 822 3744 non
846 3687 1008 3756 excedere,
1042 3707 1130 3764 marn
1155 3684 1265 3744 nullius
1291 3689 1331 3745 sit
1353 3705 1433 3762 pou·

187 3779 285 3852 deris,
311 3801 392 3839 nunc
416 3800 478 3839 non
503 3781 587 3839 dicos
615 3799 671 3859 qua
690 3799 785 3859 neque
807 3781 933 3841 Corium
951 3792 1023 3857 puto
1042 3782 1133 3838 fuisse
1153 3799 1295 3850 usurum,
1324 3782 1352 3838 si
1371 3780 1434 3837 Fa-

95 3881 101 3891 “
187 3872 316 3932 brettina
347 3895 378 3952 p.
400 3878 486 3944 662„
523 3875 708 3933 contulisset.
747 3875 931 3934 Muraturius
952 3883 1023 3942 811,
1054 3882 1081 3936 8.
1106 3875 1291 3932 Cumanum
1325 3884 1433 3950 typum

188 3967 357 4026 exhibuisse
377 3980 534 4032 contentus
554 3968 624 4026 novi
644 3969 742 4027 attulit
760 3970 851 4037 nihil,
878 3986 995 4025 omnem
1014 3986 1130 4045 quoque
1150 3966 1284 4025 Fabretti
1304 3970 1434 4025 mentio-

187 4081 256 4120 nem
280 4060 491 4142 snbtrabens.’'
530 4061 685 4120 Schwarz.
706 4063 835 4117 Exerctt.
855 4063 889 4115 de
909 4062 975 4117 Col.
994 4063 1059 4115 Ital.
1086 4081 1116 4137 p.
1138 4064 1204 4129 48..
1234 4061 1353 4118 laudato
1373 4062 1433 4118 Fa·

187 4154 319 4213 brettiuo
343 4156 403 4232 lap.
431 4159 475 4213 sic
499 4158 613 4233 pergit:
648 4156 733 4228 ,Nec
752 4159 797 4213 sic
822 4174 943 4212 neeesse
970 4154 1071 4213 habuit
1090 4156 1212 4239 Lipsius
1237 4157 1268 4211 in
1289 4157 1375 4211 Anat.
1393 4156 1435 4209 sd

187 4252 268 4306 milit.
288 4250 366 4306 Rom.
392 4250 491 4306 mendi
518 4261 689 4325 suspectum
711 4246 820 4306 babere
840 4247 919 4308 uliud
938 4249 1032 4305 simile
1052 4252 1290 4317 mouumentum,
1322 4251 1354 4305 in
1372 4268 1433 4326 quo

188 4345 261 4401 baec
279 4342 408 4421 legerat:
436 4344 469 4398 l..
488 4344 606 4414 Sergium
618 4372 656 4386 -
675 4343 739 4400 Til.
761 4342 826 4405 Mil.
847 4342 920 4418 Lag.
940 4340 1091 4399 XXXX.’'
1118 4343 1163 4400 Ita
1183 4343 1248 4399 scil.
1270 4353 1335 4400 erat
1353 4343 1433 4419 apud
1459 4413 1462 4418 Ι

188 4436 332 4495 Smetinm
350 4438 402 4494 lul.
418 4442 488 4505 159,
510 4443 538 4493 2.
579 4435 639 4495 Sed
658 4437 737 4512 apud
756 4437 929 4503 Gratata.
955 4448 980 4495 1.
1002 4447 1031 4493 et
1050 4438 1156 4494 iterum
1177 4445 1266 4505 1070,
1290 4443 1317 4497 7.
1352 4434 1433 4512 Spo-
1469 4426 1474 4430 ”

189 4534 270 4588 nium
298 4531 455 4604 αὐτόπτην
484 4531 608 4605 Voyuge
636 4531 673 4587 Τ.
704 4541 730 4589 1.
760 4549 789 4605 p.
816 4538 863 4592 88.
896 4529 934 4586 Τ.
959 4537 992 4600 5,
1022 4540 1049 4589 1.
1079 4550 1109 4605 p.
1133 4539 1197 4599 70.,
1232 4532 1276 4627 sic
1303 4530 1430 4607 legitur:

188 4644 208 4677 a
225 4626 347 4683 dextra:

234 4718 264 4763 θ
