3090 5116
211 260 267 320 sss
551 238 559 267 ¹
606 257 641 318 c.
662 255 751 355 aar.
784 249 1063 321 monuavcnn

286 385 345 460 Qui
372 387 529 447 doctorum
551 387 637 447 libris
667 391 730 446 suis
750 408 823 447 saxa
842 391 1050 459 intexuerunt,
1078 390 1227 451 interdum
1251 410 1317 451 eam
1340 402 1460 451 uatum

209 492 327 557 partem
352 485 416 539 saxi
443 483 610 552 adducunt,
643 501 718 561 quae
744 482 782 540 ad
808 497 1030 560 argumentum,
1062 486 1140 562 quod
1166 484 1355 554 tractabant,
1386 488 1462 545 satis

210 587 305 642 esset,
328 579 446 633 omissis
467 579 609 655 reliquis:
642 577 720 634 unde
740 576 791 633 alii
810 588 879 652 post
899 596 951 635 eos
970 579 1134 655 fragmenta
1155 579 1204 656 illa
1224 582 1343 647 verius,
1370 599 1462 657 quatu

210 671 344 744 integros
353 671 485 745 lapides,
507 691 563 747 pro
576 673 703 747 integris
725 669 971 746 adsumpserunt:
995 673 1083 750 idque
1103 675 1134 730 iu
1153 673 1350 730 Pauviuianis
1371 691 1463 749 saepe

211 763 357 820 accidisse
379 763 549 822 observavi.

287 857 425 914 Editores
446 861 546 934 magni
566 877 618 914 seu
639 858 759 916 classici
781 876 869 933 saepe
890 876 1034 915 censurae
1049 857 1329 916 subiiciunturloeo
1343 878 1461 928 eorum,

212 968 340 1025 quorum
359 950 448 1008 iidem
468 954 499 1008 in
519 951 745 1009 collectionibus
768 953 831 1009 suis
851 961 937 1008 erant
956 954 1060 1008 secuti.
1101 953 1145 1008 Ita
1166 971 1325 1009 censuram
1344 951 1463 1010 Maffeii

208 1061 317 1100 vexare
339 1045 501 1103 Gruterum
521 1065 578 1120 pro
598 1046 745 1102 Panvinio
762 1056 866 1102 mouet
887 1045 966 1101 Mur.
990 1048 1080 1113 2006,
1101 1051 1129 1106 5.

287 1138 424 1195 Eduntur
444 1159 516 1195 saxa
537 1140 687 1196 interdtun
706 1157 743 1195 cx
763 1138 920 1215 αὑτοψίᾳ,
946 1138 1094 1195 interdum
1121 1157 1158 1194 ex
1177 1138 1358 1216 apographis
1380 1139 1457 1195 alio-

207 1249 332 1308 rumque
346 1231 431 1288 libris
447 1231 677 1307 posterioribus.
714 1231 867 1288 Editiones
888 1242 984 1298 autem
1004 1234 1173 1306 primarias,
1195 1235 1258 1289 sire
1278 1230 1330 1288 ubi
1348 1251 1458 1289 saxum

206 1326 336 1400 primum
356 1338 401 1383 est
421 1326 548 1395 editum,
571 1325 746 1384 consulendi
766 1327 955 1401 provinciam
974 1326 1124 1403 negligere
1145 1328 1264 1384 minime
1285 1325 1384 1393 debet,
1406 1329 1458 1403 qui

206 1420 254 1476 vel
273 1421 305 1475 in
326 1420 460 1497 singulos
480 1423 584 1477 titulos
611 1421 824 1486 commentari,
855 1419 902 1475 vel
928 1437 1051 1494 sparsos
1077 1421 1132 1476 bic·
1152 1420 1212 1476 illie
1238 1422 1269 1477 in
1295 1418 1456 1496 syntagma

196 1531 298 1589 ,unum
318 1516 509 1591 compingere
529 1515 611 1572 velit.
649 1514 701 1572 Sic
721 1532 758 1569 ex
779 1513 945 1581 Mazochio,
967 1513 1096 1587 Apiano,
1119 1514 1208 1583 Aldu,
1230 1513 1344 1571 Smetio
1365 1530 1455 1590 saepe

208 1608 406 1684 corrigendus
427 1610 592 1678 Gruterus3
612 1627 658 1666 ex
678 1608 778 1666 Douio
798 1624 833 1681 ae
854 1607 948 1664 Gorio
969 1605 1163 1664 Muratorius.

280 1751 305 1817 1.
329 1756 374 1809 15.
410 1745 543 1804 Ettasa
562 1747 637 1804 IAM
659 1747 760 1804 OLIM
779 1746 822 1803 IN
842 1744 974 1804 SAXIS.
1017 1746 1162 1804 Consulto
1186 1765 1272 1804 erasa
1292 1757 1365 1805 suut
1383 1765 1455 1823 pas-

206 1842 263 1896 sim
290 1842 411 1897 nomina
435 1840 602 1917 Caligulae,
629 1840 780 1908 Neronis,
808 1839 988 1909 Domitiani,
1017 1840 1187 1908 Commodi,
1217 1840 1309 1910 (Otia.
1329 1842 1453 1898 amo.

205 1953 236 2009 p.
263 1939 321 1999 77.)
342 1934 451 2002 Getae,
474 1934 662 2002 caracallae,
685 1932 780 2005 (Mall'.
802 1936 881 1988 Mos.
901 1936 972 1988 Ver.
992 1952 1023 2009 p.
1048 1939 1123 2002 113.)
1143 1930 1340 2012 Heliogabali,
1363 1934 1456 1992 Gale·

206 2031 246 2084 rii
266 2028 440 2084 Maximiani
460 2028 553 2099 (Mail'.
569 2031 646 2084 Mus.
661 2030 729 2084 Ver.
743 2047 773 2103 p.
791 2031 872 2095 105.)
911 2027 1017 2082 Iuliani
1039 2028 1142 2098 (Zacb.
1159 2029 1230 2083 Exc.
1244 2032 1286 2083 lit.
1300 2047 1330 2104 p.
1347 2036 1394 2097 50,
1410 2034 1453 2097 6.)

204 2121 308 2179 Erasis
329 2122 387 2179 alia
407 2123 466 2179 iam
486 2122 558 2179 olim
577 2121 769 2199 superducta.
809 2139 839 2177 v.
860 2120 939 2178 Gud.
960 2140 990 2196 p.
1012 2127 1078 2181 206.
1106 2122 1234 2199 eleganti
1259 2120 1290 2179 id
1316 2123 1452 2201 exemplo

205 2215 378 2275 docentem:

156 2357 159 2367 .
280 2310 373 2366 AVll.
396 2308 608 2367 ANTONINO
629 2307 833 2369 COMMODO
854 2309 950 2378 (cuius
970 2324 1077 2364 nomeu
1097 2308 1147 2364 hic
1166 2313 1308 2376 erasmo.)

278 2402 540 2460 IMPERATORE
561 2402 744 2461 CAESARE
764 2400 1446 2462 Avuvs'1'0.1>.11r3tvtoPuarmactt.

202 2488 354 2553 lucos.
376 2508 434 2553 eet.

281 2609 309 2647 v.
338 2593 426 2649 etiam
451 2587 584 2647 Fabrett.
614 2592 673 2646 Col.
699 2591 781 2645 Trai.
805 2607 836 2664 p.
863 2591 910 2651 36.
937 2593 985 2651 68.
1033 2588 1120 2646 Grut.
1143 2593 1231 2656 1005,
1261 2597 1288 2647 1.
1316 2606 1346 2645 c.
1368 2595 1398 2648 7.
1418 2597 1448 2651 0.

204 2684 278 2741 Gor.
306 2685 370 2740 Etr.
392 2691 478 2758 2..p.
500 2691 572 2751 585,
594 2691 640 2744 15.
686 2682 801 2741 Bertoli
826 2683 865 2739 A.
893 2681 960 2738 (ΓΑ.
988 2700 1018 2756 p.
1042 2690 1106 2743 182.
1146 2681 1324 2740 Erasionem
1349 2694 1449 2740 umen

155 2786 162 2799 ‘
204 2779 417 2855 inscriptiones
439 2777 583 2854 quaedam
602 2777 767 2834 Domitiani
785 2794 815 2833 v.
836 2792 864 2831 c.
885 2786 914 2831 et
934 2775 1026 2832 Getae
1046 2786 1217 2833 evaserunt.
1257 2794 1287 2833 v.
1310 2775 1392 2835 oliv.
1412 2777 1451 2830 ad

202 2873 314 2928 Pt'saor.
334 2890 365 2946 p.
388 2878 453 2928 202.
495 2870 578 2927 Mall'.
599 2871 678 2925 Mus.
699 2873 769 2926 Ver.
790 2888 821 2944 p.
844 2875 908 2929 105.
933 2899 963 2911 -
992 2868 1121 2926 Erasum
1139 2869 1180 2927 D.
1200 2870 1241 2927 Μ.
1263 2889 1281 2927 a
1301 2870 1449 2930 Christi&-

202 2967 249 3025 nis
270 2967 363 3024 altera
384 2965 495 3022 ethnici
514 2964 622 3041 lapidis
642 2976 726 3039 parte
748 2963 857 3020 usuris.
896 2980 927 3019 v.
948 2962 1028 3020 Mur.
1050 2968 1139 3032 1968,
1161 2970 1189 3021 2.

277 3110 302 3176 i.
326 3106 371 3165 11.
412 3105 578 3163 ERRATA
597 3104 797 3162 FABRILIA.
829 3088 937 3160 'Locus
958 3102 1101 3159 classicus
1128 3112 1174 3158 est
1192 3101 1271 3178 apud
1290 3101 1448 3161 Sidonium
1501 3162 1509 3175 ,

200 3201 407 3288 Apollinarem
427 3200 487 3254 Lib.
506 3207 534 3261 3.
555 3200 608 3272 Ep.
629 3209 674 3259 12.
696 3220 727 3276 p.
748 3200 814 3259 206.
834 3198 922 3250 aaa:
942 3196 1092 3268 „Carmen
1111 3198 1168 3254 boc
1188 3215 1260 3254 sune
1275 3196 1355 3274 quod
1375 3217 1448 3255 eon-

202 3308 353 3373 seqnetur,
375 3306 462 3351 nocte
482 3296 616 3369 proxima
636 3295 703 3361 leci,
725 3311 786 3348 non
806 3291 969 3367 expolitum
988 3290 1093 3347 eredo:
1120 3322 1149 3333 -
1165 3322 1201 3335 -
1217 3292 1296 3367 quod
1312 3302 1394 3367 peto,
1415 3300 1449 3347 ut

201 3389 318 3447 tabulae
342 3389 633 3465 quantulumcunque
661 3397 722 3454 est,
750 3386 887 3443 celeriter
912 3384 1042 3441 indatur.
1083 3384 1143 3443 Sed
1169 3384 1253 3453 ride,
1282 3396 1317 3442 ut
1342 3388 1447 3463 vitimu

201 3503 262 3541 nou
281 3485 371 3541 faeiat
391 3484 422 3538 in
441 3501 590 3538 marmore
610 3480 785 3557 lapidicida;
816 3479 895 3557 quod
914 3481 1024 3535 iactum
1044 3481 1106 3535 sive
1120 3477 1170 3535 -ab
1196 3478 1362 3548 industria,
1382 3498 1447 3537 seu

199 3597 255 3655 per
275 3580 429 3645 iniuriam,
451 3577 523 3632 mihi
542 3578 654 3652 magis,
676 3593 764 3653 quam
783 3574 974 3652 quadratario
994 3572 1087 3628 lector
1107 3570 1267 3629 adscribet.
1277 3570 1293 3594 ”
1322 3604 1355 3616 ·-
1395 3571 1444 3631 Ab

96 3668 100 3673 ”
201 3671 437 3747 exscriptoribus
458 3670 613 3728 retinenda
634 3689 725 3746 quma
744 3670 820 3734 sint,
843 3679 871 3723 et
891 3675 931 3719 sic
950 3665 1096 3733 notanda,
1121 3666 1199 3723 baud
1218 3684 1289 3723 raro
1309 3662 1347 3723 ab
1367 3669 1446 3725 auti-

201 3764 355 3842 quioribns
384 3768 561 3840 praesertim
590 3760 753 3820 editoribus
784 3760 1022 3837 corrigebantur.
1069 3759 1221 3837 Interdum
1247 3778 1334 3817 erasa
1363 3773 1444 3821 suut.

200 3859 302 3918 Mail'ei
320 3861 398 3912 Meo.
419 3861 489 3915 Ver.
507 3879 538 3935 p.
555 3862 620 3920 105.
659 3854 813 3931 Lapidarii
831 3857 1055 3931 provinciarum
1075 3855 1274 3928 imperitiores
1288 3853 1446 3930 lapidariis

200 3953 310 4008 Rornae
331 3963 359 4009 et
378 3953 410 4007 in
429 3952 523 4008 Italia.
549 3983 580 3994 -
620 3951 749 4008 Nonnisi
774 3960 899 4026 urgente
927 3949 1053 4025 quadam
1078 3949 1254 4004 necessitate
1275 3949 1447 4008 incessendi

200 4055 270 4100 srtnt
294 4046 500 4099 nrarrnorarii:
532 4062 601 4099 nam
625 4040 719 4110 labri,
748 4062 787 4099 un
813 4044 1014 4118 exscriptorcs
1035 4053 1065 4100 et
1083 4043 1264 4119 typographi
1283 4044 1340 4119 ipsi
1361 4061 1448 4100 erra-

199 4140 277 4206 rint,
300 4134 421 4192 dubium
439 4155 538 4212 saepe.

277 4229 375 4302 Quum
394 4232 425 4286 iu
444 4232 525 4286 saxis
545 4229 636 4286 semel
656 4231 752 4289 ineisa
772 4230 865 4288 deleri
878 4231 1031 4305 commode
1044 4249 1106 4287 nou
1119 4241 1258 4306 possent,
1279 4234 1447 4291 necessitas

199 4324 269 4382 hine
294 4325 498 4379 marmorariis
522 4325 677 4399 imposita,
706 4344 786 4382 nunc
814 4338 898 4384 extra
924 4328 1032 4383 seriem
1054 4344 1195 4381 versuum
1219 4325 1291 4402 qnid
1315 4326 1448 4385 addendi

201 4416 296 4494 (Mali.
319 4419 397 4473 Mus.
416 4419 485 4472 Ver.
505 4422 558 4486 85,
579 4422 620 4487 6.)
644 4437 724 4476 nunc
743 4422 822 4477 iuter
841 4438 946 4477 versus
966 4418 1176 4494 interponendi
1195 4419 1288 4493 (Mur.
1303 4425 1393 4489 1951,
1413 4425 1445 4482 6.
1495 4484 1498 4489 ,

201 4510 284 4570 Mail'.
306 4514 370 4577 116,
393 4519 419 4568 1.
440 4510 531 4567 Kersl.
552 4516 666 4585 Antiqq.
684 4524 755 4586 sept.
775 4534 805 4589 p.
827 4513 907 4588 211.)
927 4514 974 4570 vel
993 4511 1130 4569 versibus
1150 4515 1222 4588 ipsis
1241 4514 1445 4573 interserendi

199 4606 293 4676 (Mur.
310 4604 398 4672 1111,
420 4605 461 4679 7.)
481 4606 529 4660 rel
549 4607 637 4664 etiam
657 4608 878 4687 superponendi
898 4606 998 4680 (Febr.
1012 4627 1043 4684 p.
1060 4612 1130 4677 195,
1151 4608 1230 4678 151.)
1250 4609 1299 4667 vel
1316 4610 1445 4669 iuferius
1516 4670 1519 4676 Δ
