3090 5116
199 245 255 306 sse
352 258 359 279 ·
590 240 626 301 c.
647 239 718 333 xrs.
759 240 1048 304 snrvncnnnrs.

200 380 361 426 incertissima
379 363 474 438 assequi
494 395 635 437 possumus,
663 382 694 440 Q.
712 381 839 427 Lucretius
858 383 965 437 l'espillo
983 383 1004 427 is
1028 387 1080 437 est,
1111 383 1151 441 qul
1175 381 1310 427 emtionem
1334 379 1396 426 banc
1418 381 1446 425 ln

200 469 284 514 iuuere
302 471 386 514 uxoris
405 470 509 515 'l'lruriae
534 470 630 524 hebuit,
658 474 682 517 et
705 470 777 527 lapidi
802 471 941 528 inscriptam
965 472 993 515 ed
1018 472 1182 526 posteritatem
1206 470 1356 524 maudoit,
1383 482 1445 529 qnae

1002 542 1119 604 ‘sumam

200 559 246 603 uisi
264 559 386 615 placeant,
404 559 496 602 trullum
516 560 578 602 ultra
596 558 710 612 verbum,
729 563 771 603 aut
789 572 887 614 opernm
906 562 999 604 innuens

269 651 299 690 stt
318 661 364 690 nou
383 648 507 691 meliorem
533 660 632 702 operam
656 647 777 701 luderem,
805 649 841 702 si,
870 650 931 705 qnod
952 647 1087 692 Germanus
1106 648 1224 703 praestitit
1241 648 1269 691 ad
1287 649 1446 704 supplendum

199 736 309 779 mutilam
327 734 421 780 ubetae
440 740 530 791 purtem
548 737 703 795 aggrederer.
741 735 801 780 illam
820 751 860 781 res
879 743 916 781 est
933 711 1126 792 incertee'pteua
1144 738 1226 790 elene,
1245 737 1341 794 entique
1360 751 1445 781 mona·
1486 746 1493 758 ·

199 829 278 868 menta
302 822 435 883 resurgere,
464 829 487 868 et
510 824 604 885 verba,
623 839 708 869 sensus
733 830 882 883 mentemque
906 831 1014 871 veterum
1038 827 1182 881 scriptorum
1207 825 1320 877 induere,
1347 839 1444 869 eornru·

198 925 243 969 que
262 926 304 957 ore
323 914 382 957 velle
402 914 476 970 loqui.
512 911 608 968 Lipsius
626 927 701 970 panca
719 915 846 958 admodum
869 915 892 959 in
913 913 1000 958 tabulis
1019 914 1152 968 Aue-pronis
1170 914 1283 958 tentarit:
1315 913 1444 958 lteinesins

199 1003 288 1057 passim
307 1001 368 1045 fallit
386 1015 412 1045 ee
430 1002 537 1047 fallitur:
556 1001 636 1059 Eques
650 1001 760 1046 Ursattus
778 1015 884 1047 marmor
897 1003 1037 1047 Patnvioum
1055 1003 1136 1056 aliter,
1154 1016 1223 1059 qnam
1237 1002 1367 1060 Pignerins
1385 1015 1443 1056 sup·
1471 1044 1482 1061 ,

199 1092 314 1145 plevennt.
355 1090 418 1148 loqui
438 1091 522 1135 iussit:
553 1091 669 1147 idipsum
687 1095 741 1146 post
764 1093 827 1136 alios
851 1093 874 1136 in
893 1092 1026 1136 Barberino
1045 1091 1134 1145 Lepide
1159 1091 1278 1146 praestitit
1296 1091 1441 1145 Pometios:

198 1183 223 1222 ut
241 1193 324 1223 omnes
342 1193 415 1233 pnene
435 1179 576 1235 antiquarii,
596 1180 620 1222 in
638 1178 681 1223 has
700 1172 817 1235 lapidum,
837 1193 879 1225 seu
898 1181 1005 1223 codicum
1023 1180 1175 1238 antiquorum
1193 1179 1298 1232 lacunas,
1322 1185 1442 1236 tamquam

198 1266 337 1320 intereas,
363 1268 450 1312 misere
468 1268 528 1323 lapsi
546 1268 602 1311 sint.
640 1267 666 1312 ln
685 1280 756 1325 quarn
773 1281 825 1311 rem
843 1268 938 1312 loannis
955 1268 1075 1323 Baptistae
1095 1267 1210 1311 cotelerii
1229 1269 1364 1322 exemplum
1382 1255 1440 1311 effc-

162 1338 164 1343 ¹
197 1367 260 1410 ram,
280 1357 342 1413 qued
356 1360 449 1400 celeres
463 1355 492 1398 nb
512 1357 645 1400 huiusmodi
664 1355 762 1400 ausibus
781 1358 903 1401 deterrere
923 1357 1006 1411 pessit.
1038 1357 1083 1400 Vir
1101 1356 1139 1399 hic
1157 1356 1309 1400 doctissimus
1327 1360 1351 1400 et
1363 1356 1440 1400 Grae-

174 1433 176 1441 ’
197 1457 239 1489 cae
258 1445 408 1499 potissimum
426 1445 520 1502 liuguae
539 1444 713 1500 peritissimus,
733 1447 805 1488 vitam
823 1446 848 1489 S.
869 1445 945 1505 Sebae
964 1455 993 1488 en
1011 1445 1047 1488 Μ.
1069 1445 1095 1488 S.
1115 1444 1209 1504 Graeco
1228 1442 1318 1488 Codice
1336 1450 1439 1496 erutam,

198 1537 222 1578 et
239 1531 367 1578 Latinitate
388 1535 499 1576 denotem
519 1533 638 1592 evulgavit
655 1534 726 1577 Torn.
749 1530 772 1577 3.
793 1530 1009 1577 Monrtrnentorum
1028 1531 1158 1576 Ecclesiae
1176 1530 1291 1576 Gruecee
1309 1545 1363 1592 pag.
1374 1529 1439 1576 ³220.

196 1623 227 1666 st
246 1622 359 1679 quonium
376 1621 527 1679 apographus
546 1613 627 1666 Codex
646 1634 689 1676 per
707 1635 830 1666 uincorem
848 1626 974 1676 corruptus
994 1628 1017 1667 et
1035 1635 1120 1666 exesus
1147 1625 1214 1675 erat,
1243 1625 1268 1665 ut
1290 1621 1342 1676 ipse
1366 1619 1442 1664 refert

196 1712 220 1756 ln
239 1709 302 1755 netis
321 1712 350 1754 ad
369 1712 467 1755 eandem
487 1710 611 1768 peginam,
640 1711 755 1766 plurimes
780 1708 877 1754 lacunas
896 1710 1017 1765 implerit,
1047 1715 1070 1754 et
1087 1722 1158 1753 voces
1175 1708 1252 1754 terme
1271 1710 1385 1753 ducentes
1403 1706 1441 1752 hic

196 1799 246 1843 illie
264 1804 395 1854 opportune
414 1799 580 1855 interspersit3
605 1798 665 1843 odeo
684 1797 785 1843 feliciter
803 1802 827 1845 st
844 1799 872 1842 nd
891 1811 976 1843 seusus
994 1798 1112 1843 orationis
1130 1798 1258 1851 ernnssim,
1283 1801 1373 1841 utnon
1391 1797 1434 1840 sli-

197 1892 234 1932 ter
248 1887 470 1947 dicerestriltum
483 1886 702 1942 Scythopolitannm
720 1892 842 1931 auctorem
860 1887 966 1931 eiusdem
983 1888 1046 1931 vitae
1063 1888 1200 1943 scripsisse.
1235 1887 1267 1930 nt
1284 1889 1369 1941 pestes
1393 1885 1442 1929 alio

196 1976 358 2030 manuscripto
376 1977 472 2030 codice,
498 1989 572 2033 eoque
591 1976 686 2041 iffegro
703 1980 772 2032 etque
791 1975 930 2032 incorrupto
949 1977 1060 2030 invente,
1086 1977 1118 2019 uti
1137 1975 1244 2019 narrarit
1259 1973 1317 2017 mim
1334 1972 1373 2017 vir
1390 1973 1439 2018 cla·

196 2064 307 2109 sissimus
320 2063 351 2108 D.
365 2064 501 2108 Bernartius
514 2063 707 2108 Montfauconins
720 2078 733 2108 e
746 2062 937 2122 Congregatioue
955 2065 1088 2108 Perisiensi
1107 2064 1133 2108 S.
1146 2064 1236 2118 Mauri,
1255 2065 1346 2107 nnllam
1363 2061 1440 2106 terme

197 2164 227 2194 en
251 2150 288 2193 his
311 2149 425 2205 vocibus,
451 2163 510 2207 ques
536 2149 670 2194 Gutelerius
694 2151 859 2205 suppleverat,
888 2163 950 2193 novo
975 2150 1029 2195 huic
1053 2148 1306 2207 (ludici-respondere
1329 2162 1439 2206 comper·

196 2241 246 2283 turn
264 2244 309 2284 est.

266 2326 302 2370 En
320 2327 357 2370 his
375 2329 493 2384 quodnam
510 2327 623 2371 indicium
641 2327 669 2372 de
688 2327 851 2382 supplemento
870 2332 967 2372 nostrae
986 2328 1080 2372 tabulae
1103 2327 1163 2372 ferri
1187 2326 1278 2382 possit,
1307 2338 1440 2385 cognonen

195 2417 276 2462 velim.
313 2415 345 2459 m
362 2415 470 2471 profecto
488 2417 594 2474 quamvis
612 2416 718 2460 auctoris
736 2416 857 2475 ingenium
880 2420 949 2472 etque
974 2416 997 2459 iu
1019 2420 1051 2460 ee
1073 2416 1202 2471 supplenda
1226 2416 1391 2460 dexteritatem
1415 2416 1439 2458 et

197 2505 344 2562 antiquitatis
368 2504 652 2562 cognitionem'miratus
676 2505 779 2559 luerim,
803 2505 943 2561 videamque
967 2504 1040 2548 verbe
1064 2504 1145 2548 sensui
1169 2504 1286 2547 orationis
1305 2504 1364 2548 satis
1381 2516 1439 2548 eon·

196 2607 299 2653 gruere,
320 2593 473 2636 nihilominus
492 2594 605 2637 uerrnulla
618 2573 762 2645 lnenifeste,
783 2593 806 2639 ni
824 2596 877 2638 mee
895 2607 932 2636 me
951 2593 1017 2635 fellet
1035 2592 1131 2648 opinio,
1157 2606 1171 2635 e
1189 2593 1226 2635 via
1243 2590 1373 2647 aberrare,
1399 2587 1440 2634 ant

175 2683 258 2737 ‚mele
278 2686 365 2737 aptata,
385 2687 425 2725 eut
442 2695 485 2737 per
503 2682 551 2725 viru
569 2682 678 2739 detorta,
697 2681 818 2726 intellexi:
839 2694 867 2726 en
887 2681 1032 2737 primoribus
1050 2681 1212 2725 tautummodo
1230 2680 1299 2725 lineis
1317 2681 1438 2736 specimen

196 2771 291 2829 aliquod
308 2771 424 2825 produce.

268 2859 293 2902 ln
309 2856 332 2902 l.
348 2860 390 2903 lin.
404 2859 539 2914 importune
558 2859 655 2904 intrusit
672 2863 752 2912 astru,
772 2871 844 2915 quum
862 2870 946 2902 sensus
964 2859 1015 2913 ipse
1034 2858 1152 2913 ostendat,
1172 2857 1324 2903 scribendum
1340 2860 1437 2902 nostre.

167 2999 177 3009 δ
196 2946 257 2993 ltine
275 2947 365 2990 irnstra
383 2953 437 2992 sent
455 2961 526 2992 voees
544 2949 568 2991 in
586 2946 632 2993 fine
652 2948 743 2992 linere:
772 2947 925 3005 Super-erum
943 2947 1131 2991 immortalium.

266 3034 292 3079 lu
313 3033 337 3080 5.
357 3041 440 3080 contre
459 3038 554 3093 regulas
574 3034 771 3080 Grnrnmuticules
790 3036 890 3090 dicitur,
916 3037 944 3079 nd
964 3035 1099 3092 praesentia
1117 3041 1141 3081 et
1163 3035 1309 3079 imminentia
1333 3032 1439 3090 pericula

196 3121 348 3169 astruerentur.
390 3125 440 3169 Hoc
464 3125 528 3170 enim
552 3124 651 3169 verbum
674 3137 754 3169 cesum
777 3125 966 3184 gignendi,-vel
990 3124 1111 3169 auferendi
1130 3137 1184 3169 cnm
1207 3123 1385 3180 praepositione
1408 3118 1440 3166 ds

195 3214 310 3269 postulet.

268 3301 294 3346 ln
315 3297 338 3346 7.
359 3303 447 3346 rectius
465 3299 635 3346 moderatiore
652 3301 760 3357 reposuit
778 3301 916 3346 Febrettus.

267 3390 293 3433 ln
313 3388 337 3434 8.
363 3391 450 3445 Supine
474 3404 574 3446 prorsus
599 3390 727 3444 feminam,
753 3390 820 3433 cuins
844 3391 880 3434 sir
904 3398 928 3434 tn
953 3390 1060 3447 sequenti
1082 3402 1153 3434 versu
1173 3389 1258 3434 dicitur
1276 3388 1305 3432 G.
1326 3387 1436 3441 Clnrius,

198 3480 325 3535 nppellavit
342 3478 467 3523 libertum.
505 3479 571 3523 tinne
590 3478 618 3523 C.
640 3478 750 3522 Cluvium
769 3479 868 3523 eundem
887 3491 940 3524 esse
959 3492 1005 3522 non
1025 3477 1115 3531 dubito,
1136 3479 1165 3522 nd
1183 3491 1252 3535 quem
1271 3476 1358 3522 Cicero
1377 3476 1436 3521 scri-

196 3566 232 3611 bit
249 3567 320 3623 epist.
336 3564 361 3611 l.
381 3566 423 3610 lib.
441 3559 481 3611 13.
502 3568 580 3620 Fene,
601 3567 640 3624 qui
659 3572 742 3622 postea
762 3567 791 3609 eb
811 3565 910 3611 Octavio
929 3582 991 3611 unno
1009 3569 1040 3613 V.
1061 3567 1090 3611 C.
1111 3564 1169 3612 725.
1189 3567 1212 3632 iu
1231 3580 1355 3611 numerum
1373 3565 1437 3609 Coa·

196 3657 312 3700 sulnriuen
331 3655 421 3699 relatus
439 3654 497 3707 init,
517 3656 623 3712 quemvis
642 3644 807 3713 magistratum
825 3654 855 3699 eb
874 3657 921 3701 nlio
940 3661 1080 3712 praeventus
1100 3670 1146 3699 neu
1165 3656 1290 3714 gessisset,
1310 3655 1343 3698 nti
1362 3654 1439 3698 refert

140 3786 144 3797 ,
196 3743 254 3793 Βίο,
270 3743 369 3788 Cassius
393 3742 436 3787 lib.
458 3739 499 3788 52.
526 3756 599 3799 prope
624 3741 704 3788 lineus.
748 3744 816 3789 tiene
839 3744 912 3803 igitur
936 3743 1054 3789 Senatorii
1079 3746 1170 3789 ordinis
1194 3744 1314 3789 hominem
1337 3742 1440 3788 liberine

196 3833 274 3876 sirum
292 3832 366 3875 inisse
385 3845 532 3890 nequaqnam
550 3831 664 3876 credibile
683 3837 734 3889 est;
762 3845 904 3891 qumuquem
927 3848 974 3877 non
998 3847 1051 3877 sum
1075 3835 1170 3880 nescius
1193 3833 1308 3891 ingenuos
1331 3831 1441 3875 homiues

196 3921 395 3977 aliquantorum
415 3920 518 3966 libertini
537 3920 634 3979 generis
653 3920 747 3964 ieruinrs
766 3922 921 3966 matrimonia
939 3923 1074 3967 miscuisse.
1118 3923 1164 3966 Sed
1188 3920 1394 3966 deserueritis
1419 3919 1443 3965 id

196 4022 315 4066 nunqnam
333 4010 434 4066 dixer03
456 4009 598 4065 praesertim
616 4022 688 4067 quum
706 4022 777 4052 nemo
796 4013 876 4068 cegat,
897 4024 997 4055 uxorem
1010 4010 1088 4054 Cluvii
1108 4010 1218 4055 libertem
1236 4011 1325 4055 lacere.
1357 4008 1442 4053 Potius

195 4097 370 4152 suppleverint,
396 4108 509 4140 sororem
534 4101 618 4150 tuem,
645 4102 669 4140 et
693 4096 773 4140 virum
797 4097 853 4142 eius
876 4094 902 4142 C.
922 4095 1042 4143 Cluuium.
1089 4099 1120 4143 Ut
1143 4102 1175 4144 sit
1197 4112 1282 4143 sensns
1307 4098 1395 4153 optime
1421 4098 1445 4141 in

195 4197 248 4228 rem
266 4197 416 4243 congruens,
444 4197 543 4229 uxerem
561 4187 638 4230 nostri
657 4186 801 4241 proscripti,
828 4186 857 4230 ed
875 4200 928 4231 enm
946 4185 1097 4231 serrandum
1115 4187 1198 4231 socios
1216 4188 1353 4232 adhibuisse
1373 4200 1444 4231 sore-

194 4284 247 4316 rem
265 4285 342 4326 suam,
363 4277 386 4317 et
404 4272 434 4317 C.
449 4271 569 4325 Clusium,
589 4273 627 4330 qui
647 4275 740 4318 sororis
759 4275 866 4320 eiusdem
884 4276 920 4318 vir
939 4279 1005 4320 erat:
1031 4275 1064 4318 ita
1083 4280 1108 4319 ut
1126 4276 1188 4320 inter
1206 4279 1320 4334 cognatos
1338 4274 1440 4319 consilia

195 4359 254 4404 lsaec
274 4362 382 4405 servandi
402 4362 505 4405 hominis
523 4364 612 4419 agitata
631 4362 729 4407 inerint.

150 4431 152 4434 Ι
265 4449 291 4493 ln
311 4447 336 4493 9.
363 4450 431 4509 lego,
457 4451 588 4494 com'nneto
606 4450 716 4494 omnium
731 4450 860 4508 periendo,
886 4452 977 4496 scilicet
996 4457 1168 4510 cognatorum,
1189 4455 1228 4510 qul
1247 4454 1276 4497 nd
1295 4452 1438 4497 servendum

193 4537 314 4583 hominem
341 4539 546 4594 conspirnvernnt.
593 4537 653 4583 llum
681 4551 781 4594 prorsus
808 4539 923 4585 abhorret
949 4541 1020 4584 lectio
1047 4543 1123 4585 nostri
1149 4542 1275 4596 Germani,
1307 4540 1439 4585 coniuncto

193 4627 304 4675 emnium
320 4641 401 4687 perne
418 4626 509 4671 cletum
527 4629 637 4673 auxilio.
675 4628 733 4686 Quis
752 4629 815 4672 enim
833 4629 929 4684 credet,
949 4629 1013 4673 eires
1031 4641 1105 4684 poene
1123 4642 1206 4675 ornnes
1224 4629 1279 4676 truie
1296 4619 1433 4689 breseripto
