3090 5116
277 225 279 229 η
389 266 414 334 I.
436 271 464 325 ι.
504 213 601 323 m
622 259 791 319 nssonvm
810 259 985 319 MARIVM.
1026 279 1092 318 m.
1203 210 1206 231 ‘
1306 217 1361 325 bas

119 392 357 467 Posmuso.
378 393 519 452 Eoflvm
535 395 547 453 ιι
563 362 618 450 νΤ
631 345 765 464 v'stE
779 392 834 448 An
849 391 963 449 VNVM
977 391 1032 448 nx
1049 390 1166 449 nomo
1187 389 1359 449 Eonvmn

120 489 190 560 QVI
204 487 427 546 EXTITERIT
442 486 680 547 POSSIDEAT.
696 485 748 542 NE
763 486 818 542 AT
833 485 1030 543 EXTERVM
1046 487 1058 545 ΙΙ
1074 484 1315 542 PERVENIAT'.
1327 515 1358 529 ··-

118 581 240 639 Romae.
280 581 391 643 Marini
409 581 507 636 Iser'n.
527 581 591 636 Alb.
611 599 642 656 p.
665 583 729 639 109.

71 774 74 780 -
195 734 279 790 440³.
317 730 500 789 BAEBIVS.
523 727 750 788 GEMELLVS.
773 725 977 785 SASSINAS.
999 727 1259 787 MVNICIPIBVS
1281 726 1363 785 slN.

120 823 506 896 GVLEISINCOLEISQ.
525 823 633 881 LOCA
646 821 911 879 SEPVLTVRAE
927 821 960 878 C.
971 820 1002 878 S.
1013 821 1074 895 P.¹)
1085 821 1179 877 DAT.
1190 821 1327 880 ElTRA
1336 820 1362 898 ²)

120 918 406 977 AVCTORATEIS
428 918 480 974 ET
501 917 597 990 QVEI
618 915 696 974 SIBI
718 914 883 987 LAQVEO
911 913 1051 971 MANVS
1078 914 1363 975 A'I'TVLISSENT

122 1013 177 1071 ET
188 1012 313 1084 QVAEI
328 1010 548 1083 QVAESTVM
562 1008 751 1089 SPVRCVM
765 1006 958 1064 PROFESSI
972 1006 1139 1068 ESSENT.
1150 1007 1363 1066 SINGVLEIS

122 1106 165 1162 IN
185 1105 346 1163 FRONTE
367 1106 401 1160 P.
416 1093 463 1161 X.
485 1104 526 1160 IN
547 1102 690 1160 AGRVM
719 1103 753 1159 P.
768 1089 815 1158 X.
838 1101 960 1157 INTER
980 1101 1148 1158 FONTEM
1170 1101 1283 1159 SAPIS
1310 1103 1364 1159 ET

122 1199 306 1257 TITVLVM
320 1197 589 1255 SVI’ERIOREM.
600 1196 696 1268 QVEI
709 1194 786 1252 EST
800 1195 841 1251 IN
855 1194 947 1251 FINE
962 1194 1084 1251 FVNDI
1098 1195 1363 1252 FANGONIANI.

48 1330 53 1337 ,
120 1292 164 1350 lN
185 1290 357 1364 QVEIBVS
379 1287 522 1347 LOCEIS
543 1287 658 1345 NEMO
676 1286 875 1363 ¹HVMATVS
896 1288 1001 1344 ERIT.
1024 1287 1120 1360 QVEI
1137 1288 1272 1346 VOLET
1287 1288 1366 1351 SIBI

122 1384 272 1443 VIVOVS
294 1382 585 1442 MONVMENTVM
606 1380 761 1439 FACIET.
782 1380 825 1438 IN
845 1380 1020 1453 QVEIBVS
1040 1381 1184 1439 LOCEIS
1204 1383 1366 1440 IIVMATI
1431 1408 1432 1412 ¹

122 1479 258 1536 ERVNT
278 1478 318 1534 EI
338 1478 376 1534 D.
399 1477 470 1552 T‚³)
490 1476 560 1549 QVI
580 1475 775 1533 HVMATVS
796 1475 902 1533 ERIT.
924 1474 1160 1548 POSTERISQ.
1178 1475 1269 1534 EIVS
1290 1476 1367 1534 MO-

122 1571 354 1630 NVMENTVM
374 1570 482 1627 FIERI
500 1568 671 1627 LICEBIT.
696 1600 729 1613 -
762 1569 860 1646 Prope
882 1568 1046 1626 Sassinam.
1087 1569 1206 1626 Reines.
1228 1571 1295 1627 VII.
1318 1577 1365 1629 20.
1472 1598 1479 1606 ’

124 1664 208 1741 Spon
227 1666 314 1718 Misc.
333 1683 364 1739 p.
387 1667 451 1724 26²1.
484 1661 763 1738 Fahrett.p.673‚
785 1672 830 1721 11.
859 1662 970 1721 Murat.
993 1669 1082 1731 1773,
1105 1672 1133 1725 8.
1172 1663 1263 1720 Recte
1283 1662 1364 1720 ΗΜ..

123 1759 198 1817 Mss.
213 1757 251 1815 ad
263 1755 353 1814 Fahr.
369 1758 390 1814 l.
405 1757 425 1813 l.
446 1757 525 1813 hunc
544 1756 672 1825 titulum,
693 1767 727 1813 ut
745 1759 896 1814 siucerum
920 1766 1024 1813 eontra
1038 1754 1211 1816 Fabrettum
1223 1757 1365 1815 defendit.

161 1875 186 1931 I)
204 1882 298 1923 centum
316 1890 358 1921 sua
377 1876 485 1932 pecunia.
523 1873 549 1928 2)
568 1875 655 1921 omnia
673 1876 739 1920 clm
756 1880 820 1929 sunt,
841 1875 880 1920 ubi
899 1881 975 1920 extra
993 1877 1052 1922 illud
1071 1877 1185 1947 explices,
1205 1882 1365 1937 numquam,
1466 1907 1470 1911 -

122 1948 246 2005 exceptu.
284 1943 309 2001 ³)
327 1948 456 1991 dumtaxat.
493 1946 614 1991 Vennum
632 1945 718 1990 divisio
735 1947 826 1991 ineerta
844 1949 888 1991 est.

131 2154 134 2164 Ι
200 2085 283 2142 Mos.
312 2081 355 2138 IN
374 2080 441 2138 HIS
461 2062 664 2138 AEDIFICIS
684 2081 737 2137 ET
757 2079 875 2139 LOCIS
896 2080 908 2139 ΙΙ
927 2081 1044 2140 PVRIS
1066 2082 1367 2143 ADIACENTIBVS

124 2158 328 2233 AEDIFICIS
350 2173 440 2232 SIVE
460 2173 497 2230 IS
518 2172 649 2231 LOCVS
669 2174 778 2231 AGER
798 2174 875 2232 EST
892 2175 903 2233 ΙΙ
920 2157 1018 2231 AELI
1032 2176 1168 2233 RVFINI
1184 2177 1365 2237 MILITISII

127 2311 160 2325 ..
185 2268 248 2326 IVS
276 2269 377 2344 (cuius)
405 2267 453 2325 SE
474 2266 763 2325 POSSESSOREM
783 2266 881 2325 ESSE
902 2269 958 2325 EX
978 2269 1111 2326 CAVSA
1132 2270 1365 2328 EMPTIONIS.

125 2363 150 2420 P
172 2362 184 2421 11
207 2345 304 2419 AELI
324 2361 556 2419 ABASCANTI
575 2360 719 2418 PATRIS
741 2359 807 2418 SVI
827 2361 1002 2420 ALFENIO
1029 2361 1248 2421 SENECIONI
1275 2363 1370 2421 SVB-

125 2456 256 2515 PRAEF
285 2456 297 2515 ΙΙ
326 2454 491 2514 CLASSIS
512 2454 573 2511 PR.
596 2453 675 2511 MIS.
697 2454 902 2512 PROBAVIT
928 2455 981 2511 ET
1009 2456 1164 2514 MERVIT
1192 2457 1370 2515 SENTEN-

127 2549 241 2606 TIAM.
263 2549 380 2623 QVAM
398 2547 535 2606 IVSIISV
554 2541 733 2606 EIVSDEM
760 2546 998 2607 SENECIONIS
1025 2548 1243 2610 SVBPRAEF.
1273 2550 1368 2610 IIVIC

126 2642 278 2702 TITVLO
299 2641 562 2700 PROSCRIPSIT
586 2643 598 2701 ΙΙ

240 2735 412 2794 SENECIO
433 2736 467 2794 C.
490 2735 524 2793 C.
547 2734 615 2812 C.¹)
635 2735 751 2794 DIXIT
774 2736 787 2793 ΙΙ

200 2828 486 2888 NECESSARIAM
506 2828 646 2887 FVISSE
667 2828 968 2889 INSPECTIONEM
982 2829 1274 2890 AEDIFICIORVM
1289 2834 1367 2892 ETII

127 2923 224 2982 LOCI
242 2923 295 2981 DE
316 2921 463 2995 QVIBVS
484 2923 648 2980 APVEME
669 2924 734 2999 (sic)
753 2923 896 2981 ACTVM
913 2923 1001 2980 EST.
1018 2924 1069 2981 RE
1089 2924 1181 2982 IPSA
1200 2926 1371 2983 MANIFE-

128 3015 291 3075 STATVR
308 3017 319 3075 ΙΙ
336 3017 421 3075 CVM
434 3017 575 3074 IGITVR
588 3017 792 3074 AEDIFICIA
807 3016 912 3074 SOLO
927 3016 1034 3073 PVRO
1054 3018 1202 3075 POSITA
1223 3020 1371 3077 DEPRE-

128 3108 358 3168 RENDEIRIM
391 3109 527 3182 NEQVE
560 3109 667 3167 VLLO
701 3108 939 3168 SEPVLCIIRO
980 3109 1258 3169 SVPERPOSITA
1291 3113 1370 3170 VEI.

130 3203 373 3263 CONIVNCTA.
395 3203 601 3262 APIIPARET
621 3202 902 3261 VENDITIONEM
923 3203 1063 3261 EORVM
1083 3205 1176 3262 IVRE
1203 3206 1372 3265 FACTAM
1491 3266 1494 3270 Α

128 3296 310 3369 IDEOQVE
324 3296 379 3353 AD
393 3295 548 3353 AELIVM
564 3296 576 3354 ΙΙ
592 3296 774 3354 RVFINVM
787 3297 961 3354 MILITEM
974 3297 1029 3353 EX
1048 3297 1181 3355 CAVSA
1200 3300 1373 3357 EMPTIO-

129 3390 197 3449 NIS
226 3389 453 3448 PERTINERE
483 3389 692 3447 VIDENTVR
719 3391 732 3448 11
760 3391 854 3449 LOCI
880 3390 987 3448 VERO
1015 3389 1105 3448 SIVE
1132 3392 1230 3449 AGRI
1257 3392 1372 3464 QVEM
1415 3410 1418 3420 ’

130 3482 396 3542 ADIACENTEM
422 3482 636 3540 AEDIFICIIS
662 3482 809 3541 AELIVS
836 3483 1122 3543 ABASICANTVS
1146 3485 1282 3543 PATER
1303 3487 1374 3545 RV-

130 3578 215 3636 FINI
232 3576 286 3635 AB
306 3575 533 3635 HEREDIBVS
548 3559 727 3635 PATVLCI
742 3576 918 3635 DIOCLET
921 3575 957 3634 IS
970 3576 1107 3649 AEQVE
1125 3579 1136 3637 ΙΙ
1153 3579 1371 3638 MERCATVS

131 3671 220 3730 EST.
242 3670 358 3743 QVVM
378 3670 444 3745 (sic)
463 3670 629 3727 HABEAT
648 3669 830 3728 PLVRIMA
850 3671 902 3727 ET
928 3670 1135 3730 DISPERSIS
1161 3673 1279 3731 Locls
1308 3673 1374 3732 SE-

132 3764 348 3823 PVLIICRRA.
370 3762 435 3821 IVS
455 3763 532 3820 PER
553 3762 836 3823 VENDITIONEM
856 3763 1111 3822 TRANSFERRI
1136 3767 1191 3823 AD
1217 3766 1374 3825 EMPTO-

132 3859 217 3918 REM
246 3859 258 3918 I
285 3857 370 3916 NON
396 3855 664 3925 POTVISSET.²)
703 3857 786 3915 CVM
812 3857 944 3914 PATER
971 3858 1109 3915 RVFINI
1133 3860 1186 3916 ET
1212 3860 1374 3918 POSTEA

130 3950 304 4012 RVFINVS
331 3949 583 4023 QVAMIQVAM
609 3949 694 4007 NON
721 3951 815 4008 IVRE
841 3951 974 4010 FACTA
1000 3951 1184 4009 EMTIONE
1214 3952 1374 4012 SEMPER

31 4086 35 4103 .
130 4046 174 4104 IN
193 4042 500 4104 POSSESSIONEM
523 4043 535 4101 ΙΙ
558 4043 734 4101 FVERINT
753 4044 891 4102 NVLLO
911 4045 1004 4101 IVRE
1025 4044 1110 4102 EVM
1131 4046 1271 4106 LOCVM
1288 4048 1374 4106 VIN-

130 4140 281 4198 DICARE
301 4137 379 4197 SIBI
399 4137 589 4194 PATVLCII
608 4136 823 4214 POSIISVNT.
859 4138 992 4195 PLANE
1014 4139 1098 4196 CVM
1118 4140 1160 4196 IN
1171 4128 1230 4197 ‘RE
1251 4142 1374 4199 PRAE-

48 4241 50 4245 ’
132 4234 253 4292 SENTI
281 4230 531 4290 INSPEXERIM
559 4230 799 4289 LITVRATVM
829 4231 895 4288 AG.
923 4230 976 4287 ET
1002 4231 1168 4290 ERASVM
1193 4219 1374 4294 PATVLCI
1449 4215 1451 4220 ,

132 4327 285 4386 DICVNT
306 4323 526 4383 REMANERE
543 4323 586 4380 IN
600 4322 755 4382 STIPVL.
771 4325 920 4383 CAPITA
935 4324 1134 4396 QVAEDAM
1148 4327 1375 4386 EXPRIMEN-

133 4422 204 4479 TIA
232 4419 341 4478 HAEC
369 4418 514 4476 VERBA.
563 4417 711 4477 ACTIVS
745 4419 877 4476 DIOCL.
908 4419 1054 4475 PATVI..
1087 4420 1193 4478 DIOC.
1225 4423 1258 4478 F.
1290 4424 1376 4481 CVM
1477 4437 1499 4500 Ἰ

132 4514 320 4574 FRATRIB.
343 4512 413 4585 QVI
431 4512 540 4569 NVNC
560 4511 628 4569 HIC
649 4511 812 4586 ADSVNT
841 4512 1035 4569 VENDVNT
1063 4513 1097 4569 P.
1127 4513 1249 4573 AELIO
1277 4516 1376 4573 ABA-

134 4608 296 4670 SCANTO
319 4607 332 4667 ΙΙ
353 4605 493 4664 LOCVM
511 4605 650 4664 PVRVM
670 4605 711 4700 IN
732 4605 815 4679 QVO
835 4605 972 4664 NVLLA
993 4605 1231 4669 SEI’VLCHRA
1250 4609 1392 4669 DICTA*
