3090 5116
459 288 647 346 ClllTlCAE
667 289 1016 348 OBSERVATIONES.
1306 292 1362 354 573
1424 288 1427 293 ¹

117 414 208 474 FAV.
230 436 335 474 versus
354 422 437 476 tertii
456 421 588 490 initium,
616 439 692 498 quac
715 421 837 477 iunctim
857 421 1030 497 accipienda
1052 423 1157 479 ANlas
1177 422 1360 479 velAnniaa

116 509 299 567 FAVstinae.

190 604 314 662 Fundus
330 606 544 664 emendationis
560 619 591 664 et
607 607 721 665 ordinis
736 608 898 665 lectionum
914 606 1126 664 orbicularium
1142 609 1214 663 mihi
1231 608 1279 664 hic
1293 619 1355 666 est:

115 697 195 756 Mur.
217 705 289 768 500,
310 706 356 756 27.
379 703 459 757 inter
476 699 594 777 figlinas
613 720 651 758 ex
669 703 773 760 Museo
794 702 961 760 Cardinalis
981 701 1146 758 Alexandri
1164 700 1291 759 Albani:

189 853 273 913 4886.
302 850 365 907 ΟΡ.
387 851 480 907 DOL.
501 850 568 908 EX.
590 851 705 908 PRED.
725 852 753 909 V
770 853 838 910 IDI.
862 852 1074 925 QVADRATI
1209 916 1235 925 „

396 945 448 1002 ΕΤ
467 945 723 1004 PETANNIAES
744 946 976 1004 FAVSTINAE

93 1099 98 1108 ,
507 1039 531 1094 L
551 1038 656 1098 PIVIS
677 1040 733 1097 EX
752 1040 851 1098 PRIS.
875 1073 907 1083 -
935 1043 966 1097 in
981 1040 1096 1129 PRED.
1112 1037 1251 1096 ridentur
1264 1040 1355 1097 fuisse

112 1132 217 1189 literae
236 1133 361 1210 ligatae,
381 1144 415 1190 ut
430 1134 520 1191 suerit
535 1134 679 1191 PRAED.
715 1136 749 1191 ln
767 1133 793 1192 V
810 1135 866 1191 lDI
883 1135 986 1191 deesse
1007 1132 1054 1190 vel
1074 1132 1220 1191 excidisse
1239 1133 1357 1190 literam

113 1227 300 1305 VllIDlique
319 1228 427 1295 fuisse,
454 1230 558 1305 ingens
581 1220 687 1286 merito
710 1240 755 1285 est
774 1229 916 1303 suspicio.
956 1247 985 1284 v.
1007 1235 1035 1284 2.
1059 1214 1237 1285 ANNIAES
1260 1228 1356 1285 Fav-

113 1320 165 1379 ST
169 1321 263 1377 INAE
284 1323 392 1397 legitur
410 1323 591 1397 planissime,
613 1325 662 1380 eui
677 1323 730 1379 ET
746 1323 954 1390 antecessisse,
975 1322 1026 1378 sed
1047 1323 1157 1378 initiale
1178 1322 1269 1380 ETP
1288 1322 1355 1379 loco

114 1435 177 1472 non
207 1435 262 1471 suo
292 1416 367 1493 legi,
408 1416 445 1474 ad
472 1435 636 1493 versusque
666 1416 789 1474 secundi
816 1413 907 1473 finem
936 1418 1087 1492 pertinere
1122 1428 1355 1493 corruptumque

114 1527 180 1565 esse
200 1529 292 1586 aeque
311 1529 346 1567 ae
373 1529 492 1567 versum
515 1515 635 1568 tertium
659 1512 781 1567 omnino
800 1512 948 1567 existimo.
986 1507 1182 1577 ANNlAES,
1204 1504 1354 1586 genitivus

113 1604 147 1659 in
162 1601 239 1660 AES
256 1623 312 1678 pro
331 1603 383 1659 ΑΕ
403 1605 543 1681 frequens
560 1604 734 1672 admodum,
758 1606 788 1660 in
803 1602 913 1678 figlinis
933 1621 1066 1682 quoque3
1087 1606 1171 1660 cuius
1192 1605 1236 1660 rei
1254 1623 1356 1660 exem-

111 1698 163 1774 pla
186 1697 304 1775 collegit
321 1695 479 1754 Fahrettus
498 1719 528 1774 p.
549 1702 614 1758 496.
637 1717 700 1775 seq.
739 1696 842 1774 Neque
862 1696 961 1755 obstat
980 1716 1034 1754 nos
1055 1699 1087 1754 iu
1105 1696 1353 1772 praecedentibus

111 1791 220 1868 legisse
240 1791 363 1859 ANIae,
390 1810 447 1848 una
469 1792 515 1860 N,
542 1793 589 1849 hic
612 1810 685 1849 vero
705 1791 764 1868 legi
784 1793 930 1868 geminata
949 1791 1033 1859 NN.,
1058 1769 1248 1849 ANNIAES.
1288 1791 1355 1849 Etsi

112 1887 193 1940 enim
210 1885 234 1940 F
237 1883 369 1942 abrettus
394 1904 424 1960 p.
446 1890 512 1946 596.
536 1888 656 1943 unicam
678 1883 905 1944 sibiditerulam
924 1883 1112 1963 ingentibus
1132 1904 1354 1963 recognoscen-

111 1978 158 2035 dis
180 1979 449 2036 dissimilitudinem
471 1978 589 2037 efficere
608 1980 783 2055 scripserit,
806 1982 858 2038 vix
876 1990 975 2036 tamen
995 1981 1068 2046 erit,
1096 1979 1176 2055 quod
1196 1981 1353 2056 quisquam

110 2071 241 2140 dubitet,
262 2074 371 2129 Aniam
391 2084 420 2129 et
439 2074 569 2129 Anniam
588 2072 712 2130 eandem
732 2084 850 2148 gentem
868 2073 971 2129 fuisse.
1013 2091 1042 2128 v.
1064 2073 1152 2130 Grut.
1175 2077 1245 2140 719,
1267 2081 1295 2134 5.

137 2214 141 2221 ,
185 2166 331 2243 Figlinam
353 2170 450 2222 autem
475 2168 552 2223 hanc
574 2178 756 2242 postremam
779 2167 865 2223 valde
888 2177 1077 2241 corruptam,
1106 2177 1139 2222 nt
1163 2165 1225 2222 dixi
1251 2166 1350 2236 niodo,

110 2259 282 2327 adiuturus,
304 2271 445 2337 quantum
461 2262 557 2335 potuit
573 2258 656 2329 lieri,
677 2280 747 2318 ecce
764 2258 890 2318 subiieio
907 2262 963 2317 etsi
979 2261 1082 2327 aliam,
1103 2257 1183 2316 haud
1202 2258 1352 2317 diversam
1391 2281 1396 2286 ·

108 2364 224 2410 tamen:
252 2353 331 2410 Mur.
354 2354 439 2410 Tom.
460 2354 512 2411 1v.
533 2353 609 2411 Tab.
631 2354 667 2412 Β.
687 2374 718 2431 p.
740 2362 824 2413 21⁰1.
844 2373 875 2412 n.
897 2359 943 2412 14.
965 2350 1060 2443 figura
1082 2352 1263 2410 orbicularis

185 2489 270 2547 4887.
299 2465 361 2542 0¹1².
383 2485 476 2543 DOL.
499 2485 566 2543 EX.
586 2486 649 2544 PR.
670 2485 755 2543 Vtut.
776 2484 898 2557 QVAD.
918 2484 984 2542 ΕΤ.
1007 2484 1079 2541 ANI
1149 2460 1152 2467 Ι

294 2580 410 2649 Favs.
432 2580 498 2636 EX.
520 2580 570 2635 FI.
592 2578 682 2638 SEX.
705 2579 770 2655 ΑΡ.
795 2578 896 2636 SILV.
928 2609 959 2623 -·
992 2578 1029 2635 In
1053 2575 1156 2655 figlina
1181 2578 1347 2654 superiore,

109 2673 190 2749 quod
208 2673 295 2730 Grut.
316 2685 345 2730 et
363 2673 442 2730 Mur.
462 2671 573 2731 hahent
587 2672 666 2742 AT,
687 2674 817 2731 Donium
835 2673 919 2731 vides
939 2671 1049 2731 hahere
1068 2672 1133 2730 ΑΡ.
1161 2672 1273 2729 Eadem
1291 2672 1350 2746 igi-

108 2777 159 2824 tur
180 2763 403 2844 6ιττογραφ1α,
427 2778 460 2824 ut
478 2768 542 2836 liic3
567 2765 618 2823 nbi
636 2779 687 2824 am
705 2766 769 2824 ΑΡ.
790 2769 926 2843 suspicer
945 2778 1120 2842 corruptum
1140 2784 1178 2823 ex
1197 2764 1277 2833 AT,
1299 2776 1350 2821 aut
1449 2802 1453 2809 ·

107 2862 215 2936 potius·
233 2861 300 2918 AT.
327 2879 365 2916 cx
389 2859 454 2917 ΑΡ.
498 2861 562 2918 Iam
587 2859 705 2919 tandem
731 2860 816 2930 ride,
842 2880 880 2917 sn
902 2859 982 2919 Mur.
1006 2865 1079 2930 500,
1103 2866 1150 2921 27.
1177 2860 1218 2917 ita
1243 2856 1350 2917 debeat

106 2956 200 3012 nitori
221 2973 275 3012 suo
297 2955 416 3011 restitui
437 2964 467 3010 et
485 2956 678 3010 concinnari:
1190 2942 1197 2961 ⁸

181 3048 244 3105 ΟΡ.
264 3047 358 3105 DOL.
379 3046 436 3103 EX
454 3046 599 3108 PRAED.
622 3048 749 3106 VMIDI.
771 3045 982 3119 QVADRATI

177 3140 242 3199 ET.
263 3139 713 3199 ANNIAES.FAVST1NAE.
735 3140 801 3199 EX.
822 3141 871 3197 FI.
892 3141 940 3197 vel
957 3140 1024 3199 EX.
1044 3139 1069 3198 F
1089 3138 1227 3216 (figlina)

181 3234 261 3294 SEX
279 3235 383 3292 APRI.
406 3234 511 3303 (literis
530 3234 640 3310 ligatis)
662 3233 835 3293 SILVANI.
858 3265 888 3276 ·-
918 3237 1003 3308 Apris·
1021 3236 1158 3312 inquam,
1179 3255 1249 3293 nam
1264 3235 1347 3302 ATIi

103 3331 223 3406 longius
242 3327 313 3386 abit.
347 3328 409 3385 Pro
430 3327 594 3385 SILVANI
612 3331 709 3404 possit
724 3329 813 3385 etiam
834 3328 944 3385 coniici
962 3330 1119 3404 magisque,
1131 3328 1249 3403 placere
1267 3328 1347 3394 SIL-

104 3423 206 3491 VINI,
234 3424 302 3499 quia
328 3440 420 3497 supra
446 3420 549 3480 SILV.
573 3432 689 3479 tantum
711 3424 783 3490 suit,
811 3421 959 3498 Doniique
985 3420 1163 3479 SILVANO
1188 3425 1345 3481 manifesto

106 3527 281 3591 corruptum
303 3526 348 3572 cst
372 3535 410 3572 ex
433 3515 536 3574 SILV.
560 3527 590 3572 et
611 3514 689 3592 quod
708 3515 745 3572 ad
767 3532 874 3570 versus
895 3515 1013 3571 initium
1032 3519 1162 3589 pertinet
1183 3516 1275 3573 FAV.
1299 3515 1347 3572 vel

104 3608 220 3667 Favs.
260 3609 408 3687 Postremi
424 3628 498 3666 vero
514 3609 641 3683 exempli
656 3628 693 3665 ex
709 3605 730 3665 S
746 3606 806 3664 fine
823 3624 928 3663 versus
944 3609 1027 3664 tertii
1043 3619 1073 3664 et
1090 3609 1223 3679 eiusdem
1239 3627 1345 3666 versus

106 3703 187 3760 tertii
203 3704 288 3760 initio
300 3702 337 3759 L.
352 3702 434 3759 PIVI
450 3703 634 3761 commodius
648 3701 797 3759 SILVINI
813 3720 901 3777 quam
915 3699 1078 3758 SILVANI
1093 3704 1177 3759 exire
1194 3705 1343 3759 existimo.

104 3796 204 3855 Unum
229 3808 290 3864 est,
322 3795 401 3873 quod
427 3797 504 3854 addo
532 3795 730 3862 devotum
753 3790 996 3867 QVADRATO,
1025 3813 1192 3870 cognomen
1210 3792 1345 3854 Vmidisa
1413 3786 1417 3795 ’

104 3891 201 3966 gentis
221 3889 392 3963 Quadratus
412 3909 474 3947 non
495 3891 586 3947 luisse
608 3891 769 3948 insolitum.
809 3907 840 3945 v.
861 3888 958 3945 Tacit.
981 3890 1057 3944 Amr.
1077 3895 1130 3957 12,
1150 3891 1197 3948 45.
1224 3909 1255 3965 p.
1276 3893 1343 3951 470.

103 3984 151 4041 ed.
173 3983 247 4041 Abr.
269 3984 432 4053 Gronovii,
453 3982 504 4041 ubi
524 3981 742 4047 etiam,videbis
761 4003 819 4059 pro
840 3984 873 4038 V
870 3983 970 4036 middin
988 3983 1036 4039 vel
1052 3983 1211 4037 meidtus
1229 3985 1344 4041 variam

101 4078 260 4134 lectionem
278 4090 397 4135 exstare
416 4079 560 4143 Vintdtus,
580 4096 704 4152 prorsus
724 4088 867 4153 utsupra
889 4079 921 4133 in
940 4077 1120 4134 Gruteriana
1143 4074 1245 4153 figlina
1266 4077 1344 4135 ridi-

98 4191 167 4228 mus
179 4171 264 4229 VINI
281 4172 356 4228 male
373 4171 473 4229 datum
492 4191 548 4246 pro
567 4172 651 4228 vult.
680 4172 742 4230 cfr.
760 4169 892 4227 Fabrett.
914 4190 944 4245 p.
964 4176 1029 4238 171,
1050 4174 1115 4232 526.
1137 4184 1167 4229 et
1188 4178 1252 4241 122,
1274 4178 1340 4232 527.

76 4276 78 4281 '
100 4266 142 4326 Ut
162 4276 259 4322 autem
278 4266 410 4321 Vmidtas
429 4276 459 4322 et
479 4266 653 4330 meidiua,
677 4266 769 4321 sicet
790 4268 865 4317 Auia
885 4275 915 4320 et
936 4269 1038 4319 Annia.
1059 4284 1087 4321 v.
1108 4284 1209 4341 supra.

176 4360 212 4418 In
232 4358 342 4437 figlinis
361 4357 568 4416 exscribendis
588 4359 676 4415 aliam
694 4358 768 4417 alius
788 4360 934 4414 rationem
952 4368 998 4413 est
1012 4370 1143 4416 secutus.
1186 4354 1213 4428 r.
1232 4380 1259 4420 e.
1281 4363 1344 4419 oir-
1397 4365 1399 4369 ’

104 4453 187 4512 culos
211 4455 371 4510 interiores
392 4455 511 4528 primos¹
528 4451 674 4509 dederunt
693 4450 829 4528 quidam,
854 4452 1018 4509 exteriores
1038 4463 1137 4509 autem
1154 4465 1340 4529 postremoa3

101 4549 151 4604 alii
171 4566 242 4604 vero
261 4549 387 4604 extnnos
406 4548 505 4624 primo
523 4546 590 4606 loco
609 4562 753 4623 posuere,
775 4555 806 4603 et
823 4547 948 4613 intimos
963 4546 1078 4604 ultimo.
1112 4546 1187 4605 Vide
1205 4546 1340 4607 Fabrett.

100 4660 133 4717 p.
155 4643 226 4711 519,
246 4658 277 4698 n.
298 4645 365 4702 505.
