3090 5116
202 244 260 308 tss
485 242 521 303 c.
540 215 657 302 xxm.
691 242 917 304 anassem
933 242 1171 302 NONNVLLA.

202 375 339 453 ,Integer
357 372 474 434 Tiberii
493 375 631 434 Caesaris
650 375 781 452 Augusti
797 368 919 445 titulus,
940 379 973 434 ln
988 375 1134 451 Lilybaeo
1152 373 1293 433 effossus.
1321 375 1458 446 Literna,

204 489 279 548 quae
300 474 331 528 in
350 473 448 546 prima
473 470 551 528 linea
578 470 805 540 desiderantur,
830 471 970 528 tscIIIIms
996 472 1130 547 suppleri
1155 482 1298 546 possunt;
1329 473 1459 542 Angrutt

204 565 292 633 Filio,
323 583 393 621 nam
412 575 580 642 sequnntur
599 562 686 623 DIVI
703 563 804 623 IVLII
822 563 943 638 Nepoti:
975 566 1079 623 literae
1105 584 1178 622 vero
1204 567 1237 623 Iu
1255 566 1359 622 ultIma
1378 564 1459 622 liuea

204 660 336 735 positae,
365 677 476 736 eaeque
495 659 624 736 reliquls·
638 659 788 726 minores,
814 661 855 716 ita
876 666 947 716 'sunt
964 670 1111 716 vetustate
1131 671 1219 737 atque
1238 669 1339 716 terrae
1359 656 1460 715 humi-

206 752 297 810 ditate
316 771 457 822 arrosae,
482 764 516 809 nt
536 753 647 810 dudum
667 753 727 809 iam
746 756 864 809 olnnem
884 771 987 809 carum
1008 752 1253 829 explicandarum
1271 772 1358 829 spem
1376 751 1462 810 abie-

206 850 310 904 ceritn.
352 845 467 904 Tabula
488 858 533 904 est
552 865 590 905 ex
609 844 677 904 albo
697 865 846 905 marmore
864 849 895 904 in
910 847 1012 923 plures
1026 859 1128 924 partes
1143 848 1250 915 fracto,
1272 867 1346 925 quas
1360 858 1461 905 tamen

183 942 248 1025 ,tta
268 943 451 1018 coniungere
471 942 572 1011 licuit,
600 952 634 997 ut
659 941 734 998 nihil
760 941 840 1019 qnod
859 942 947 999 ullius
968 943 1007 998 sit
1026 944 1185 1011 momenti,
1216 941 1320 998 deesse
1344 952 1459 1018 pateat.

92 1031 112 1066 Ψ
177 1032 182 1053 ¹
207 1033 259 1092 Sic
280 1035 399 1111 quidem
419 1039 518 1092 omnia
539 1036 676 1110 expedita
698 1035 849 1093 videntur.
896 1036 933 1093 In
960 1035 1072 1093 nodum
1097 1055 1187 1104 vero,
1215 1054 1339 1113 eumque
1359 1035 1462 1111 paullo

207 1127 406 1196 difficiliorem
426 1131 596 1200 incidimus,
619 1132 646 1187 si
666 1131 897 1208 chronologiam
918 1133 1089 1188 accuratius
1109 1133 1324 1187 examinamus.
1352 1130 1464 1187 Auno·

206 1242 274 1280 aum
294 1226 372 1280 euim
393 1235 480 1281 notae
501 1227 532 1282 iu
554 1224 652 1301 lapide
673 1236 919 1283 commemoratae
940 1225 1018 1311 hand
1037 1223 1112 1282 bene
1136 1235 1316 1302 congruunt.
1357 1221 1463 1281 Habe·

132 1372 136 1384 ,
205 1316 273 1374 arius
300 1319 441 1375 nimirum
468 1317 622 1376 Tiberium
650 1318 811 1376 Consulem
836 1319 897 1389 ΠΙ,
924 1319 1141 1396 Imperatorem
1166 1318 1253 1388 VIII,
1281 1316 1461 1375 Tribunicia

92 1432 95 1437 ’
206 1395 358 1469 Potestate
373 1398 445 1481 XX,
467 1431 630 1491 quaerero
646 1415 744 1471 omnia
765 1413 796 1470 in
816 1432 876 1471 uno
897 1415 1058 1491 eodemque
1078 1431 1157 1469 anuo
1177 1415 1277 1469 iuncta
1297 1414 1349 1470 vix
1368 1430 1462 1488 repe·

206 1496 285 1574 ries,
308 1516 451 1582 quantum
471 1507 590 1584 quidem
610 1526 625 1564 e
645 1509 772 1565 nummis
793 1491 988 1584 erui¹poterit
1006 1519 1176 1583 temporum
1194 1506 1280 1564 ordo.

282 1598 395 1657 Consul
420 1601 500 1657 euim
524 1600 569 1658 III
594 1603 744 1678 processit
770 1598 910 1659 Tiberius
936 1620 1005 1659 cum
1030 1601 1211 1659 Germanico
1230 1599 1378 1669 Caesare,
1407 1598 1461 1678 qui

206 1692 371 1750 secuudum
385 1693 580 1752 Consulatum
599 1697 770 1771 suspitatus
791 1707 837 1752 est
855 1695 921 1752 Kal.
942 1694 1091 1753 Ianuariis
1112 1713 1140 1752 a.
1162 1713 1192 1768 u.
1214 1714 1241 1753 c.
1262 1693 1459 1766 DCCLXXI,

208 1786 373 1844 secundum
393 1788 547 1864 vulgarem
568 1808 668 1846 aeram
689 1790 800 1847 Christ.
821 1788 934 1847 XVIII.

288 1883 354 1940 Hoc
375 1876 472 1941 autem
492 1902 572 1940 anno
592 1880 707 1941 Tiberii
726 1883 805 1942 tituli
824 1885 856 1940 iu
875 1885 1003 1941 nummis
1024 1885 1065 1941 ita
1084 1902 1149 1941 sese
1170 1882 1296 1941 habent:

400 1976 465 2036 ΤΒ.
487 1978 521 2034 Ρ.
543 1975 619 2034 XIX
640 1990 669 2035 et
688 1975 759 2035 XX.
783 1972 871 2036 008.
894 1978 948 2035 III.
970 1977 1005 2035 P.
1029 1977 1071 2036 Μ.
1093 1976 1176 2035 ΙΜΡ.
1198 1977 1265 2036 VII.

207 2071 424 2149 Imperatorem
444 2068 517 2128 v'cro
537 2083 643 2129 nostro
663 2072 696 2128 iu
715 2066 812 2148 lapide
829 2070 974 2130 'habemns
992 2071 1074 2141 VIII,
1097 2075 1148 2150 qui
1168 2089 1310 2129 uumerus
1330 2072 1462 2147 primum

208 2166 319 2245 legitur
338 2169 369 2224 iu
389 2168 518 2224 mmtmis
538 2169 608 2223 anni
623 2165 842 2224 DCCLXXIV.
863 2177 933 2243 post
953 2167 1065 2225 Christ.
1086 2178 1188 2224 uatum
1207 2165 1293 2225 XXI.
1335 2163 1461 2225 Tiberio

208 2264 346 2340 Augusto
366 2260 408 2318 IV
427 2271 457 2317 et
476 2260 577 2318 Druso
598 2259 726 2320 Caesare
745 2258 785 2318 II.
808 2258 919 2320 COSS.
941 2262 972 2318 in
993 2280 1052 2340 quo
1072 2261 1248 2319 annositati
1273 2271 1303 2319 et
1328 2260 1460 2318 honores

209 2358 273 2414 eius
295 2358 339 2413 sic
358 2356 515 2432 leguntur:
1013 2362 1015 2369 ’
1252 2425 1254 2429 Ι

381 2433 1281 2507 mr.xxraxxrr.COS.1v.1>.m.me.vn1.
1449 2514 1452 2519 ,

211 2543 299 2618 Quod
325 2561 398 2602 vero
426 2546 531 2600 attinet
557 2542 595 2600 ad
625 2552 757 2597 octavum
782 2542 861 2600 huno
880 2543 1098 2616 Imperatorium
1122 2542 1283 2612 honorem,
1312 2540 1348 2599 tle
1374 2544 1459 2601 cuitu

209 2640 296 2696 initio
316 2639 395 2695 inter
415 2637 548 2695 eruditos
569 2622 767 2713 disceptatum
785 2638 858 2707 luit,
881 2636 969 2697 video
989 2636 1162 2694 Eclshelium
1181 2635 1344 2694 DoctrInae
1364 2636 1461 2695 Num·

208 2718 328 2790 morum
342 2732 409 2790 Vol.
425 2733 477 2791 VI.
498 2751 529 2808 p.
547 2736 610 2791 191.
633 2750 755 2789 causam
774 2730 928 2788 dissensus
948 2732 980 2788 iu
1000 2733 1101 2809 iniqua
1122 2749 1311 2789 nummorum
1330 2730 1460 2789 lectione

209 2836 323 2902 petere,
345 2845 436 2904 quum
448 2823 661 2884 Mediobarbus
681 2826 770 2882 huius
789 2825 913 2883 honoris
927 2825 1086 2882 exordium
1099 2824 1137 2883 atl
1152 2844 1264 2882 anuum
1275 2818 1462 2885 DCCLXIX

210 2920 338 2990 scierat,
364 2940 423 2999 quo
443 2918 600 2978 Tiberium
618 2938 635 2976 a
655 2920 748 2976 milite
768 2919 799 2976 in
819 2920 885 2996 ipso
904 2919 1012 2996 praelii
1029 2918 1174 2976 adversus
1193 2911 1364 2977 Armiuium
1384 2919 1463 2978 Ger·

210 3031 369 3071 manorum
390 3014 495 3072 ducem
514 3014 666 3072 commissi
684 3013 762 3082 loco,
784 3015 920 3090 quierat
939 3031 1062 3089 campus
1081 3013 1269 3083 Idistavisus,
1293 3012 1462 3088 Imperato-

210 3126 276 3166 rem
303 3108 461 3165 salutatum
486 3109 579 3166 tuisse
603 3107 698 3166 tradit
716 3107 840 3165 Tacitus
859 3107 970 3166 Annal.
991 3108 1031 3164 11.
1054 3115 1105 3175 183
1118 3101 1120 3104 ⁴
1135 3126 1194 3185 quo
1219 3117 1321 3164 tamen
1344 3107 1461 3166 honore

184 3273 191 3280 ι
211 3201 372 3260 Caesarem
396 3221 452 3279 per
476 3203 619 3260 iuvidiam
639 3202 811 3260 Germanici
829 3200 908 3260 haud
927 3220 1015 3258 usum
1032 3202 1125 3258 luisse
1144 3199 1256 3276 probat
1273 3220 1312 3257 ex
1330 3205 1461 3263 nummis

210 3315 360 3355 annorum
379 3298 515 3373 proxime
537 3297 734 3375 sequentium.
774 3295 882 3372 Adfert
900 3307 999 3353 tamen
1021 3314 1172 3352 nummum
1191 3297 1223 3353 iu
1242 3295 1349 3353 Museo
1369 3296 1461 3375 RegIs

212 3390 378 3449 Galliarum
404 3411 421 3449 a
447 3390 585 3448 Morellio
615 3389 663 3447 rel
690 3391 790 3466 potius
815 3387 854 3447 sl)
880 3389 1089 3466 Havercampo
1115 3391 1265 3449 Thesauri
1289 3390 1462 3449 Illorelliaai

211 3485 307 3543 Tomo
326 3485 381 3554 III,
403 3487 435 3541 iu
454 3486 583 3540 nummis
603 3480 721 3542 Tiberii
741 3481 818 3541 st.
832 3482 915 3542 VIII.
936 3502 987 3542 no.
1009 3489 1037 3540 2.
1058 3483 1225 3560 prolatum,
1245 3484 1278 3540 iu
1292 3471 1358 3562 'quo
1376 3495 1411 3543 nt
1429 3487 1461 3544 in
1485 3467 1491 3518 f,

209 3596 360 3637 marmore
380 3575 502 3648 nostro,
523 3579 651 3655 legitur:

365 3671 487 3730 PONT.
509 3671 611 3730 MAX.
635 3668 1007 3731 cos,111.1MP.t⁷111.
1030 3670 1094 3729 ΤΗ.
1116 3671 1209 3729 ΡΟΤ.
1230 3669 1303 3731 XX.

213 3768 297 3826 Duos
317 3768 392 3824 alios
411 3766 512 3823 laudat
531 3777 687 3843 praeterea
708 3783 745 3822 ex
765 3765 869 3823 eodem
889 3758 989 3842 opere,
1011 3768 1043 3823 in
1063 3763 1170 3843 quibus
1184 3765 1272 3823 iidem
1285 3767 1368 3823 tertii
1381 3765 1464 3824 Cou-

212 3863 325 3920 sulatus
345 3872 375 3918 et
394 3861 583 3936 Imperatorii
604 3859 728 3917 honorit
748 3861 848 3918 octavi
867 3862 984 3918 numeri
1004 3879 1072 3917 cum
1092 3847 1284 3917 Tribunicine
1299 3859 1462 3919 Potestatis

212 3976 291 4014 auno
311 3955 389 4014 XXI
416 3957 650 4033 coniunguntur.
700 3954 784 4027 Quae
816 3953 936 4032 quidem
967 3956 1065 4012 osnnia
1095 3973 1132 4011 ex
1151 3957 1253 4032 iniqua
1271 3973 1465 4012 nummorum

210 4050 338 4108 lectione
359 4048 485 4108 derivat.
533 4049 674 4107 Attamen
694 4050 759 4125 ipse
779 4047 939 4106 Eclrhelius
958 4046 1047 4105 habet
1067 4050 1248 4126 epigramma
1266 4051 1371 4126 pontis
1390 4050 1465 4108 Ari-

210 4146 384 4213 miniensis,
406 4148 438 4203 in
458 4163 516 4222 quo
537 4141 678 4201 Tiberius
699 4141 827 4200 dicitnrs

362 4239 469 4296 TRIB.
491 4236 661 4295 POTEST.
684 4236 786 4294 XXII.
808 4234 895 4295 COS.
916 4234 970 4292 III.
992 4234 1076 4293 ΙΜΡ.
1103 4235 1186 4293 VIII.

210 4330 274 4391 Nec
294 4336 413 4410 saepius
433 4333 650 4408 Imperatorem
669 4333 831 4389 salutatum
848 4331 941 4388 fuisse
962 4351 978 4387 s
997 4330 1090 4388 milite
1109 4330 1245 4409 legimus.

287 4428 350 4486 Iam
378 4446 467 4498 vcro,
508 4427 579 4506 quid
611 4429 643 4485 iu
671 4425 728 4484 hoc
762 4426 937 4503 opimorum
971 4417 1115 4483 conflictu
1147 4427 1288 4496 seutiam,
1329 4424 1464 4484 breviter

88 4548 91 4555 ’
212 4541 370 4601 ΗΡΟΜΠΙ.

286 4617 385 4692 Quum
405 4615 544 4674 Tiberius
560 4604 625 4692 'per
651 4631 755 4674 omnes
778 4617 829 4694 qui
849 4611 1049 4694 sequebantur
1076 4631 1174 4671 anuos
1193 4615 1354 4687 temperator
1374 4625 1461 4670 octa-
