3090 5116
187 130 256 282 ιιιΙ
431 236 433 241 »
478 214 516 278 o.
535 158 638 276 ιιιι.
675 211 942 275 manniam
958 176 1158 293 ιιιιιοιι.

195 346 331 408 Vaassen
350 347 431 404 Fasti
450 367 481 426 p.
502 352 568 410 262.
590 366 674 426 seqq.
713 345 795 405 Hine
812 347 1002 407 manifestam
1019 356 1078 420 est,
1099 347 1262 426 legitimam
1280 346 1442 407 iormnlem

185 430 292 501 ‘nobis'
303 458 383 501 nuno
402 444 553 521 ignorari,
574 460 664 521 quam
682 450 793 511 tamem
814 441 954 499 consulto
971 440 1063 500 Festo
1083 444 1115 499 in
1133 459 1164 501 ιι.
1184 440 1346 515 Nasutus,
1364 443 1443 501 hano

185 534 286 597 tuisse
306 535 457 595 arititrnre
482 533 696 595 NRPASTVS
715 533 855 604 PRIOR,
881 536 941 592 nisi
961 533 1003 592 ilii
1021 552 1138 613 qnoque
1157 536 1351 611 interpolatio
1370 534 1445 595 tuh·

186 639 257 698 ·eat;
277 640 407 687 attamen
426 631 475 687 hle
493 628 636 708 loquendi
655 626 761 686 modus
781 630 992 706 antiquitatem
1005 630 1100 706 magis
1114 639 1196 686 certe
1207 628 1334 700 redolet,
1355 646 1446 708 quan

194 725 298 783 ceteri.
335 724 414 780 Nota
434 724 457 781 F
478 725 512 781 P.
535 726 586 781 vix
606 720 677 780 alibi
696 724 858 797 reperitur,
880 725 1020 800 quam-in
1040 722 1182 782 Calendd.
1204 722 1287 782 matt.
1310 734 1340 783 et
1359 724 1446 783 Ami-

194 819 315 876 ternino
334 817 372 874 ad
392 817 421 878 d.
438 821 483 877 19.
498 817 644 893 Augusti:
666 817 817 892 explicant
835 817 924 893 vulgo
942 815 1099 875 FASTVS
1119 815 1247 875 PRIMO
1266 816 1315 875 vel
1327 816 1444 876 PRIO-

108 970 111 975 ,
193 910 263 980 RE,
295 911 347 967 sed
369 911 451 979 vide,
480 930 554 987 quae
573 921 680 974 contra
700 909 864 987 disputavit
887 929 945 967 vau
965 910 1101 969 Vaassen
1119 912 1200 964 Fasti·
1217 930 1248 986 p.
1270 915 1337 973 265.
1372 911 1444 989 Ipse

194 1003 406 1082 corrigendum
427 1002 568 1064 censebat
588 1004 652 1061 NP.
679 1014 712 1061 nt
737 1013 784 1061 est
808 1005 840 1062 in
861 994 1122 1079 Gal..Caprarlin.⁴
1156 1001 1315 1079 Specimen
1340 1015 1443 1063 tamen

194 1097 415 1159 Amiterninum
435 1100 497 1153 aeri
518 1099 661 1167 incisum,
682 1108 716 1154 ut
734 1100 799 1173 typi
818 1100 929 1165 ceteri,
960 1098 1040 1154 clare
1060 1097 1149 1156 habet
1167 1098 1202 1155 Fe
1223 1099 1258 1155 P.
1304 1098 1340 1155 Ῑιι
1361 1100 1444 1165 notis,

195 1191 369 1251 Tironianis
390 1209 406 1245 a
425 1189 544 1265 Koppio
563 1188 667 1259 editis,
694 1191 955 1248 Nabudoclionnsor
974 1211 1028 1254 tex
1047 1202 1076 1248 et
1095 1191 1208 1250 ,similia
1234 1194 1439 1268 reperiuntur,

194 1286 314 1341 minime
334 1300 409 1345 vero
426 1282 490 1342 NP.
513 1293 570 1339 eet.

269 1350 343 1438 EN.-
340 1375 578 1445 endotercisus‚
602 1376 809 1433 intercisuss.
831 1373 938 1446 fissus,
958 1376 1041 1434 horis
1061 1376 1174 1456 aliquot
1192 1378 1304 1447 fastus,
1326 1377 1441 1455 aliquot

195 1469 339 1528 nefastus.
381 1487 410 1530 v
432 1488 491 1526 van
510 1468 695 1543 Vaassenp.
718 1476 784 1527 720.
806 1480 834 1526 et
854 1475 920 1529 272.

449 1560 584 1619 VERRII
603 1561 748 1620 RLACCI
767 1561 887 1619 FAS'PI
905 1560 1187 1623 PRAENESTINI.

699 1654 933 1715 IANVARIVS.

271 1747 520 1824 Appellabatm·
512 1768 544 1812 ιιι
570 1747 657 1806 latio
683 1746 1220 1825 (Ianuariua)a1ano...iaciunt
1248 1747 1327 1819 libo,
1359 1748 1440 1827 quod

198 1841 302 1900 lanual
321 1844 497 1918 appellatur.

270 1936 343 1995 Dies
359 1940 403 2009 1]
424 1937 529 1993 Feriae
543 1935 739 2011 Aesculapio;
759 1934 886 1997 Vediovi
905 1935 1002 2012 (alias,
1022 1935 1170 2012 Veiovi)
1161 1954 1192 1994 ιιι
1212 1935 1309 1993 insula
1328 1933 1442 1993 Tibur-

195 2030 269 2089 tina.
310 2029 373 2089 Hae
392 2042 421 2087 et
448 2032 522 2087 aliae
543 2029 690 2087 Calendae
716 2029 920 2104 appellantur,
949 2031 1017 2107 quia
1043 2029 1158 2087 dierum
1182 2031 1297 2105 primus
1323 2030 1350 2087 is
1376 2030 1440 2086 dies

195 2133 251 2190 est,
274 2142 348 2200 quos
368 2124 507 2180 Pontifex
527 2125 625 2180 uninor
645 2120 776 2200 quolibet
794 2141 895 2181 mense
915 2123 953 2184 ad
972 2143 1067 2180 nonas
1087 2123 1219 2201 singulas
1239 2123 1368 2181 calatin
1382 2123 1441 2182 Ca-

90 2261 92 2265 .
195 2215 300 2293 pitolio
320 2217 351 2273 in
368 2217 458 2275 Curia
474 2216 610 2276 Calalirn.
629 2247 660 2259 -
688 2217 796 2273 Annus
817 2236 912 2279 novus
933 2219 1047 2292 incipit,
1071 2220 1138 2295 quia
1158 2236 1193 2274 eo
1213 2217 1261 2275 die
1279 2219 1443 2294 magistra·

195 2320 244 2366 tus
264 2313 385 2379 instent,
407 2312 486 2388 quod
506 2313 605 2386 eoepit
623 2307 707 2387 urbis
727 2309 864 2367 conditae
884 2330 963 2367 anno
983 2310 1060 2367 DCI.

273 2407 305 2476 2]
326 2405 522 2480 appellantur.
551 2404 737 2481 (Explicarat
754 2405 785 2461 h.
805 2403 826 2461 l.
847 2402 992 2471 Verrius,
1021 2403 1091 2481 quid
1110 2401 1315 2482 significarent
1333 2404 1440 2462 literae

196 2497 231 2554 F.
247 2498 286 2555 N.
301 2497 378 2572 NP.)
401 2529 432 2541 ·-
460 2498 532 2557 Dies
552 2511 616 2556 ater
635 2498 781 2575 postridie
801 2516 904 2563 omnes
918 2497 1075 2568 calendas,
1096 2498 1175 2576 quod
1192 2499 1229 2556 iis
1249 2496 1440 2574 respublica

126 2581 128 2584 .
197 2591 274 2652 male
294 2603 377 2667 gesta
399 2603 455 2648 est.

190 2756 193 2772 ί
272 2688 305 2756 ὅ]
325 2685 488 2743 Comitialis
509 2685 590 2755 (lies,
612 2704 671 2763 quo
690 2685 822 2762 Populus
842 2684 898 2744 Ro.
920 2686 1013 2754 coire,
1035 2687 1196 2742 convocari
1218 2684 1442 2761 (coNvocA-

198 2776 249 2834 RE
269 2789 358 2853 typus
378 2782 466 2835 etiam
486 2784 548 2837 aeri
569 2778 694 2854 incisus)
714 2780 782 2856 cogi
801 2789 909 2854 potest.

272 2875 306 2951 6]
326 2872 460 2929 Primum
479 2883 548 2947 post
565 2872 668 2929 Nonas
689 2872 767 2931 diem
786 2871 919 2929 habitum
938 2889 1004 2928 esse
1024 2882 1137 2943 atrum,
1159 2872 1261 2929 eadem
1280 2873 1317 2930 de
1336 2892 1440 2944 eausa,

126 3026 131 3037 .
198 2983 256 3042 qua
275 2968 405 3040 primum
423 2978 493 3042 post
512 2965 658 3023 Calendns
678 2967 726 3023 hic
747 2966 919 3025 adnotatum
938 2976 1014 3023 erat.

274 3062 307 3132 7]
327 3060 494 3143 Imperator
514 3060 626 3118 Caesar
643 3059 826 3138 Augustus'
817 3061 975 3136 imperinm
994 3057 1075 3116 orbis
1095 3071 1246 3117 terrarum
1267 3061 1443 3136 auspicatur

198 3152 298 3210 Hirtio
324 3164 353 3211 et
378 3155 477 3213 Pansa
504 3154 574 3212 Cos.
601 3173 632 3211 u.
659 3173 687 3212 o.
716 3160 843 3215 711.··
881 3151 1021 3215 Tiberius
1048 3153 1159 3211 Caesar
1178 3155 1245 3214 Vll.
1263 3154 1328 3213 Vir.
1350 3154 1440 3230 Epnl.

197 3259 328 3305 creatus.

273 3344 306 3413 8]
328 3340 455 3417 Signum
472 3343 607 3401 Iustitiae
627 3342 780 3419 Augustae
806 3341 848 3402 Μ.
869 3340 1017 3417 Appuleio
1043 3350 1072 3397 et
1098 3339 1172 3399 Silio
1198 3341 1268 3399 Cos.
1296 3343 1439 3417 positum.

198 3453 228 3491 u.
250 3453 277 3492 c.
300 3441 365 3495 751.

272 3531 306 3602 9]
328 3529 420 3586 Vocis
440 3528 597 3586 AGONIA
616 3531 731 3591 variam
750 3529 933 3593 notationem
951 3529 999 3585 hio
1020 3528 1136 3585 videtur
1155 3529 1342 3605 exposuisse.
1412 3577 1414 3581 ,

273 3625 325 3693 10]
346 3620 428 3679 llaec
448 3635 518 3687 nota
537 3623 591 3679 EN
612 3622 839 3694 (endotercisus)
859 3625 905 3699 sig
887 3620 1008 3680 unificat
1011 3663 1125 3680 ......

274 3719 326 3788 11]
346 3715 612 3777 Karmentalia...
627 3714 782 3774 .canebat
806 3718 922 3783 lutura,
953 3714 991 3772 ob
1017 3735 1105 3793 quam
1129 3733 1251 3772 oausam
1270 3689 1440 3774 Carmentis

198 3808 345 3884 appellata
365 3821 410 3867 est
420 3851 520 3866 ......
542 3812 639 3867 omine
659 3812 818 3867 morticino
839 3811 967 3885 (funesta
984 3810 1126 3886 sunt.-·)
1155 3811 1258 3866 Ianum
1278 3812 1439 3886 geminum,

198 3901 236 3959 ab
256 3903 381 3960 Romulo
402 3914 431 3960 et
450 3904 554 3965 Ianum
574 3903 733 3976 Quirinum
752 3903 931 3980 appellatum
950 3903 1060 3961 claudit
1078 3905 1229 3987 Augustus
1250 3903 1290 3980 (ι)
1320 3934 1352 3946 -
1388 3905 1439 3970 Ti.

199 3995 312 4055 Caesar
315 4038 408 4054 .....

275 4094 326 4162 13]
347 4090 423 4146 Ludi
443 4090 661 4167 (Tibicinumi)
681 4092 773 4150 Eidus
792 4095 818 4151 is
839 4091 901 4148 dies
922 4092 1088 4166 appellatur
1091 4131 1208 4147 ......

274 4184 393 4241 Corona
421 4204 532 4262 querna
560 4204 597 4241 ex
623 4184 750 4245 Senatus
777 4186 921 4244 Consulto
947 4188 1135 4260 superposita
1163 4195 1209 4241 est
1236 4183 1337 4242 domui
1361 4185 1439 4262 Imp.

199 4276 338 4334 Caesaris
359 4280 502 4356 Augusti,
530 4292 669 4338 oneratas
689 4288 726 4352 (a,
747 4280 924 4347 onerosas?)
951 4278 1030 4357 quod
1049 4297 1084 4336 eo
1106 4279 1152 4336 die
1172 4281 1286 4354 recepit
1312 4268 1441 4355 provin-
1471 4315 1473 4320 -

112 4360 116 4369 ⁸
193 4373 279 4451 ⁸cias,
305 4383 334 4429 et
353 4383 474 4446 pacatas
495 4374 609 4449 I‘opnlo
629 4374 763 4432 Romano
784 4377 924 4435 restitnit.

277 4464 328 4539 tlt]
348 4465 420 4521 Dies
440 4469 564 4525 vitiosus
585 4485 622 4525 ex
642 4467 675 4526 S.
696 4468 730 4527 C.
752 4466 790 4528 oli
810 4469 934 4526 eandem
954 4484 1090 4536 cautem,
1122 4463 1159 4523 ob
1187 4483 1275 4543 quam
1295 4465 1441 4543 postridie

199 4579 301 4618 omues
320 4559 482 4617 Kalendas.
