3090 5116
312 328 317 341 ,
434 256 894 331 amalasuntam
912 259 1109 334 annom.
1183 326 1184 330 Ν
1336 261 1394 322 aas

151 394 239 454 Fidio
261 397 293 452 iu
315 393 398 453 colle
418 393 578 468 Quirinali.
616 395 668 466 10]
688 392 782 451 Marti
800 390 924 450 Militari
946 391 992 468 (ut
1012 389 1095 449 Mars
1116 391 1288 447 nominatur
1307 390 1396 447 etiam

152 491 185 548 iu
213 486 465 565 Inscriptionibus
499 485 664 563 nonnullis)
698 496 780 544 recte
804 485 956 562 Lupulus,
991 487 1089 543 minus
1121 502 1190 543 vere
1214 485 1404 561 Foggiuiust.

152 581 245 641 Marti
268 582 368 642 Militi.
1445 571 1454 583 “

646 671 892 732 ‘PINCIANVIL
1440 720 1443 735 .

225 776 371 836 IVLIVS.
419 779 471 851 22]
499 775 597 836 LVDI
626 774 742 835 CONC.
771 776 900 834 fortasse
926 772 1184 833 COMMittuntur.
1230 776 1283 846 25]
1311 784 1344 831 ut
1365 773 1397 829 in

151 871 302 929 Allifano:
323 871 411 929 Ludi.
431 871 536 928 Feriae
554 869 706 946 Neptuno.
745 872 798 945 25]
818 868 907 927 Ludi.
929 867 953 924 F
956 869 1036 924 eriae
1055 867 1213 924 Furrinae.
1247 870 1300 941 50]
1320 867 1397 924 For-

152 975 244 1023 tuuae
266 965 413 1042 huiusque
433 964 501 1022 diei.
892 1007 895 1013 .
988 956 991 961 ’

229 1056 457 1116 AVGVSTVS.
492 1061 544 1131 21]
564 1059 596 1114 in
612 1056 816 1116 Graecostasi.
844 1058 896 1129 26]
918 1073 984 1113 voc.
1006 1052 1220 1112 CPICONstua
1238 1055 1396 1112 retrahen-

138 1149 225 1243 ⁸duur
245 1150 284 1208 ad
306 1151 383 1208 diem
405 1151 645 1227 praecedentem.

229 1240 481 1319 supremum.
520 1247 572 1318 es]
595 1242 711 1302 usura
733 1218 873 1320 signu.

417 1406 422 1417 ·
651 1371 900 1464 ALLIFANVM.
1002 1432 1009 1444 ,

120 1492 129 1509 ·
228 1475 375 1536 IVLIVS.
422 1479 475 1551 50]
503 1476 582 1537 Ludi
609 1478 641 1536 iu
670 1477 770 1537 Circo.
815 1475 961 1567 Fortunai
990 1473 1136 1552 huiusque
1166 1476 1221 1569 (sic
1251 1475 1310 1551 leg.
1339 1493 1397 1551 pro

151 1567 300 1631 IIVIVSC
315 1613 323 1628 .
340 1576 361 1642 .)
381 1571 439 1630 (liei
458 1573 498 1659 iu,
510 1569 633 1650 Campo.

637 1698 910 1760 ANTIATINVM.

227 1801 373 1862 IVLIVS.
413 1806 448 1878 1]
469 1803 618 1866 Felicitati
637 1806 669 1862 in
688 1804 857 1881 Capitolio·
887 1806 922 1877 6]
944 1801 1036 1876 „Non
1059 1803 1156 1860 solum
1178 1802 1235 1861 hoc
1257 1800 1321 1873 die,
1342 1803 1397 1860 sed

153 1895 226 1957 stibi
251 1916 368 1975 quoque
393 1898 426 1957 in
448 1899 505 1958 hoc
528 1898 709 1957 Kalendario
735 1898 943 1956 sestertiorum
969 1915 1084 1955 suanma
1109 1909 1257 1967 notatur,⁴
1279 1916 1353 1976 qnae
1379 1917 1397 1954 a

153 1991 282 2068 oollegio
300 1991 469 2053 Ver-narum
490 1992 596 2051 domus
617 1993 771 2071 Augustae
789 1991 875 2049 Antii
895 1991 1066 2069 degentium
1084 1993 1115 2050 in
1133 1992 1272 2050 ludorum
1290 1992 1406 2050 editio·'

152 2104 224 2146 mm
241 2084 478 2160 impendebatur.
486 2087 502 2111 ”
527 2087 654 2165 Foggiu.
674 2105 706 2162 p.
728 2088 794 2147 151.

228 2160 455 2237 AVGVSTVS.
495 2183 529 2254 1]
550 2180 666 2238 Natalis
686 2180 735 2238 Ti.
757 2178 874 2237 Claudii
891 2178 1097 2255 Imperatoris.
1137 2176 1210 2255 Spei
1230 2180 1395 2277 Augustae.

150 2269 317 2350 (Dedicatlo
335 2272 415 2325 aedis
428 2275 493 2346 Spei
509 2276 587 2345 Aug.
605 2273 725 2350 supplet
742 2272 840 2330 Ideler
857 2281 891 2342 2,
908 2291 940 2349 p.
959 2272 1039 2347 139.)
1076 2270 1142 2329 Hoc
1162 2273 1208 2329 die
1226 2274 1304 2349 Imp.
1321 2273 1397 2331 Cae-

151 2366 371 2443 sauAngustus
385 2365 454 2423 Divi
467 2366 523 2424 Fil.
557 2367 773 2425 Alexandriam
784 2370 909 2445 recepit.
944 2369 979 2439 5]
999 2384 1028 2422 v.
1043 2365 1181 2443 Fogginii
1192 2367 1268 2422 ΑΜ.
1281 2387 1312 2443 p.
1330 2369 1395 2430 115.

151 2460 209 2518 cfr.
224 2456 308 2516 Suet.
326 2459 390 2514 Tib.
404 2467 450 2519 17.
465 2479 524 2517 vau
537 2460 672 2519 Vaassen
685 2482 716 2538 p.
732 2469 797 2523 180.
825 2463 877 2533 11]
891 2461 1020 2537 Augusti
1032 2460 1176 2534 triumphi
1188 2470 1260 2529 tres,
1275 2460 1397 2517 Dalma-

151 2555 240 2621 titus,
260 2553 401 2610 Actiacus
416 2565 446 2611 et
458 2554 698 2624 Alexandrinus;
720 2553 805 2612 Suet.
816 2557 893 2626 Aug.
904 2563 953 2613 22.
980 2557 1031 2627 20]
1051 2554 1180 2610 Inieriae
1193 2553 1229 2611 L.
1246 2554 1395 2613 Caesaris.

163 2680 167 2687 ·
228 2644 479 2706 summittite.
528 2649 562 2721 1]
593 2648 671 2706 Ludi
700 2655 728 2719 (a
756 2650 870 2718 uernis)
898 2651 1123 2706 committuntur
1148 2646 1221 2710 iis.
1247 2647 1395 2707 DCCLX.

116 2732 119 2738 ¹
151 2739 354 2813 1411nieriae
373 2740 485 2799 Druso.
525 2742 680 2821 Equorum
697 2738 846 2818 probatio.

228 2832 430 2891 OCTOBEll.
470 2838 503 2907 9]
524 2836 652 2895 Inferias
674 2835 865 2894 Germanico.
906 2839 958 2909 15]
977 2835 1146 2894 Vernarum
1165 2839 1239 2907 (nou
1251 2835 1395 2901 Vernani)
1460 2900 1464 2912 ¹

149 2924 215 2984 dies
242 2926 347 2984 festus.
394 2929 450 2985 cir.
479 2928 618 3006 Fogginii
643 2930 720 2986 Adit.
744 2948 776 3006 p.
803 2933 869 2990 115.
919 2933 971 3002 18]
996 2930 1092 2988 Divus
1117 2931 1271 3008 Augustus
1295 2942 1396 3008 togam
1505 3015 1509 3023 Δ

152 3020 271 3079 uirilem
292 3023 429 3096 sumpsit.
790 3098 793 3103 Ι

224 3112 458 3172 Novumuutt.
488 3117 520 3187 1]
539 3113 617 3174 Ludi
636 3117 667 3171 in
686 3114 793 3173 Circo:
813 3132 843 3172 v.
863 3115 991 3193 Boggin.
1008 3136 1040 3193 p.
1057 3121 1122 3180 151.
1156 3120 1190 3190 6]
1210 3118 1399 3194 Agrippiana·

150 3206 243 3265 Iuliae
264 3205 450 3283 (Germanici
467 3203 560 3284 filiae)
581 3209 701 3267 natalis.
729 3211 782 3281 16]
803 3206 918 3267 Tiberii
933 3209 1063 3289 Augusti
1083 3211 1207 3280 natalis;
1233 3213 1289 3269 cir.
1309 3210 1393 3269 Suet.

151 3301 264 3359 2015.
1123 3328 1127 3337 ·

226 3392 455 3452 DECEMBEll.
490 3397 543 3468 15]
561 3392 804 3454 Lectisternium.
843 3398 896 3471 15]
917 3395 1078 3456 Consualia
1095 3395 1170 3473 (nou
1189 3395 1393 3475 Congiarium,

151 3496 186 3546 ut
204 3486 324 3547 volebat
342 3487 495 3568 Vulpius.)

608 3579 938 3641 CAPIIANICORVM.

227 3680 454 3742 AVGVSTVS.
494 3685 527 3756 1]
552 3683 667 3742 Natalis
687 3684 804 3744 Claudii
821 3685 1026 3761 Imperatoris.
1066 3686 1100 3759 8]
1123 3684 1204 3763 Lege
1223 3685 1318 3744 SOLI
1336 3686 1396 3744 IN·

148 3775 290 3861 mutui.
331 3776 470 3835 Ceterum
488 3777 562 3834 haec
581 3787 653 3835 uota
672 3789 787 3855 spectat
806 3779 844 3836 ad
863 3779 941 3836 diem
960 3790 1140 3857 sequentem.
1182 3799 1211 3837 v.
1231 3780 1398 3838 Amiterni-

148 3889 231 3928 uum.
278 3872 330 3942 15]
356 3869 500 3927 Loretum
529 3889 554 3928 s.
581 3870 745 3929 Lauretum
768 3874 801 3932 in
825 3873 977 3930 Aventino
1002 3884 1077 3931 erat.
1124 3877 1179 3948 17]
1200 3874 1248 3931 Ad
1274 3887 1396 3950 pontem

147 3961 320 4026 Aemilium.
356 3961 430 4019 Iano
453 3961 491 4020 ad
514 3962 678 4022 Theatrum
699 3964 845 4024 Marcelli.
885 3986 915 4024 v.
939 3968 1066 4045 Foggin.
1086 3967 1162 4021 Add.
1183 3987 1214 4043 p.
1236 3973 1301 4027 115.
1342 3973 1393 4044 22]

146 4074 205 4132 pro
218 4056 252 4112 F.
268 4056 307 4113 N.
322 4055 386 4132 lege
400 4055 633 4115 ENdotercisus.
674 4063 725 4133 27]
747 4042 931 4117 Volturnalis
947 4061 1076 4117 flaminis
1094 4028 1277 4118 sacheium
1292 4062 1393 4138 legeu-

146 4150 218 4208 dum
242 4161 325 4207 recte
350 4152 454 4207 statuit
478 4150 603 4228 foggin.
627 4170 658 4227 p.
685 4152 769 4212 129.
797 4154 971 4237 Mazochius
998 4160 1156 4230 perperam
1182 4153 1270 4213 habet
1294 4156 1393 4215 VOL-

146 4242 297 4303 TVRNO.
319 4239 490 4301 FLVMINI
508 4243 776 4305 SACRIFICIVM.
817 4250 869 4320 51]
890 4247 1004 4304 Natalis
1027 4248 1186 4324 Caligulae.

223 4334 476 4397 SEPTEMBEII.
521 4344 573 4413 25]
595 4339 711 4399 Natalis
734 4341 881 4447 Augusti2
918 4345 971 4416 25]
995 4341 1057 4401 Clr.
1082 4342 1160 4401 diem
1183 4346 1229 4404 26.
1254 4344 1392 4403 Pinciaui

145 4429 191 4509 (ιι.
211 4449 240 4491 c.
262 4431 344 4507 709.)
