3090 5116
67 258 71 265 -
209 224 268 297 tio
493 231 529 293 u.
548 230 650 290 xxu.
689 225 958 293 uniuersum
975 180 1170 307 mmovs.

208 381 365 422 sacrorum
389 381 407 422 e
432 364 570 433 comitio,
597 361 717 421 victimi
744 361 888 438 pereunt
913 346 1099 441 aufugiebat,
1128 381 1195 422 esse
1221 362 1455 440 accipiendum.)

207 454 312 515 Potius
332 469 420 515 uotae
440 459 515 515 istae
534 455 723 535 significant,
745 454 878 528 Quando
896 454 962 512 Rex
982 456 1153 515 comitiavit
1170 456 1241 515 Fas.
1260 487 1292 509 -.
1320 455 1459 535 Sequun-

201 551 249 609 tis
269 551 313 608 sic
332 551 452 627 supplet
466 551 647 628 Fogginius:
672 549 726 607 NP
744 548 925 608 buncdiem
942 548 1010 608 lieri
1027 550 1140 609 indicat
1159 569 1175 609 e
1194 551 1317 609 nefasto
1329 549 1457 608 iustum

205 661 315 720 parum
334 642 547 721 probabiliter,
570 662 661 721 quum
682 653 753 700 nota
773 644 830 700 ista
850 642 918 719 plus
939 645 1030 701 semel
1049 646 1255 716 antecesserit,
1276 661 1384 703 uerum
1400 644 1459 703 boc

207 754 325 820 quoque
344 738 544 821 fragmentum
562 737 670 808 reterri
688 736 807 794 videtur
825 735 864 794 ad
885 747 990 797 notem
1010 736 1049 811 Q.
1070 737 1107 797 R.
1128 738 1164 798 C.
1184 739 1221 799 1³.

255 886 258 893 ,
282 834 336 906 st]
360 829 464 888 Lunae
487 832 518 888 in
540 830 704 889 Aventino.
733 884 736 890 ι
918 840 923 849 ·

747 921 920 982 APRILIS.

282 1015 398 1092 Aprilis
421 1034 439 1072 a
467 1015 585 1073 Venere
606 1015 645 1091 (s.
669 1034 757 1074 sacer
778 1016 903 1093 Veneri)
930 1016 1010 1096 quod
1035 1035 1070 1075 es
1095 1035 1165 1078 cum
1185 1015 1319 1074 Anchise
1344 1033 1457 1093 perena

206 1111 263 1169 luit
278 1111 397 1167 Aeneae
418 1111 517 1186 regis,
539 1112 592 1187 qui
610 1111 713 1187 genuit
729 1110 842 1181 Iulum,
862 1130 879 1167 a
897 1131 956 1189 quo
975 1111 1103 1188 populus
1119 1090 1271 1169 Romanis
1289 1090 1377 1169 ortus
1396 1092 1454 1169 est.

206 1205 319 1264 Putant
337 1203 474 1260 nonnulli
494 1205 541 1260 ita.
554 1204 735 1279 appellatum
753 1203 836 1273 ess'e,
859 1207 928 1282 quia
951 1215 1008 1262 cet.

284 1300 318 1370 1]
341 1328 372 1340 -
388 1296 561 1353 humiliores
575 1299 664 1354 etiam
677 1296 789 1354 Veneri
804 1328 835 1340 -
849 1310 935 1374 parte
948 1298 1103 1375 corporist
1124 1317 1154 1355 v.
1163 1296 1376 1368 onomast,
1387 1299 1453 1363 its.

283 1394 315 1463 5]
339 1420 370 1432 -
393 1390 532 1446 citeriore
552 1391 585 1446 iu
603 1390 677 1447 colle
696 1389 884 1465 (Quirinali.)

280 1487 315 1556 6]
335 1482 413 1540 Ludi
433 1494 604 1560 equestres,
625 1481 705 1561 quod
723 1501 760 1540 eo
779 1482 826 1541 die
847 1481 936 1542 Caius
950 1481 1062 1541 Caesar
1075 1482 1110 1542 C.
1125 1482 1160 1541 F.
1182 1483 1213 1541 in
1229 1480 1333 1540 Airics
1351 1499 1453 1560 regem

207 1576 311 1636 Iubam
331 1577 452 1633 devicit.

283 1674 334 1743 11]
357 1670 481 1727 Festum
504 1668 541 1740 (l)
563 1668 725 1725 maximum
746 1667 830 1728 lovis
854 1678 884 1725 et
906 1667 1058 1741 Fortunae
1084 1668 1284 1744 Primigeniae
1309 1666 1455 1743 (Praene-

205 1763 281 1839 ste):
308 1775 378 1821 utro
399 1781 502 1820 cormu
526 1761 573 1818 die
595 1760 734 1819 omnibus
757 1761 796 1838 (a.
819 1756 979 1837 matribus)
1004 1730 1139 1819 orscium
1159 1772 1251 1838 patet.
1296 1760 1455 1821 Danuvii-i
1501 1759 1504 1767 ’

206 1856 421 1934 (Praenestini)
444 1856 568 1913 vitulum
586 1855 750 1913 immolant.

283 1955 333 2024 12]
360 1981 391 1993 ·-
416 1951 447 2006 in
468 1950 600 2018 Palatio,
625 1949 759 2027 quodeo
779 1947 934 2006 discedes
954 1949 1019 2006 eius
1039 1947 1175 2006 dedicate
1194 1958 1252 2006 est.
1290 1947 1364 2007 Mox
1373 1947 1454 2022 fru-

206 2054 269 2100 ctas
289 2054 494 2100 memorantur
513 2053 638 2118 propter
658 2041 760 2100 Ludos
784 2042 936 2101 Cereales.

283 2140 342 2209 15]
357 2136 539 2194 Fordicidia.

281 2234 333 2303 21]
358 2231 463 2288 Palilia
483 2264 501 2275 -
519 2263 538 2274 -
558 2232 641 2308 ignes
661 2229 862 2287 transsiliunt.

279 2329 332 2397 23]
352 2324 480 2381 Vinalia.
508 2324 574 2381 lovi
587 2324 650 2401 dies
663 2343 750 2381 sacer
766 2335 823 2393 est,
844 2342 906 2381 non
919 2323 1046 2390 Veneri;
1065 2324 1128 2379 vel:
1149 2322 1214 2379 lori
1227 2323 1328 2378 vinum
1343 2338 1455 2381 novum

205 2417 309 2476 libant.
338 2449 369 2462 -
409 2418 577 2475 Mezentius
598 2418 662 2475 Rex
679 2418 899 2475 Etruscorum.
917 2458 924 2471 .
942 2459 949 2472 .
970 2419 1112 2474 venisset.
1130 2458 1137 2472 .
1155 2457 1188 2472 ..
1228 2413 1356 2493 Signum
1373 2414 1453 2474 Diuo

120 2547 128 2562 ·
206 2514 343 2589 Angusto
361 2512 399 2569 ad
418 2511 583 2569 Theatrum
602 2511 748 2569 lilarcelli.
788 2530 818 2568 v.
841 2510 937 2569 Tacit.
959 2512 1036 2565 Anu.
1057 2517 1092 2580 5,
1112 2513 1160 2570 ul.

158 2674 162 2681 g
280 2609 332 2678 2't]
358 2606 406 2662 Ti.
432 2605 554 2662 Caesar.
582 2635 612 2649 -
653 2605 724 2662 Cos.
749 2625 779 2662 u.
805 2624 832 2662 c.
856 2611 921 2663 727.

282 2702 333 2771 25]
357 2696 524 2776 Robigalia.
553 2730 583 2742 -
608 2697 790 2756 sacrificium
807 2715 969 2774 puerorum
992 2697 1197 2766 lenoniorum,
1222 2696 1337 2765 idest,
1360 2716 1454 2776 quse-

207 2794 388 2854 stuariorum
407 2794 635 2868 mancipiorum.
664 2822 694 2835 -
736 2791 929 2850 Meretricum
949 2801 996 2847 est
1016 2791 1082 2848 scil.
1103 2790 1167 2848 dies
1188 2790 1376 2850 Vinaliorum
1395 2790 1451 2848 tx.

154 2932 156 2936 .
206 2885 272 2943 Kal.
294 2886 364 2943 Mai.

182 3009 185 3015 ·
281 2982 333 3052 28]
357 2980 462 3036 Feriae
482 2998 519 3036 ex
541 2978 573 3037 S.
595 2979 643 3046 C.,
667 2979 745 3055 quod
765 2997 800 3036 eo
824 2978 871 3037 die
895 2978 983 3035 aedes
1002 2989 1032 3034 et
1050 2978 1164 3054 (etiam)
1183 2979 1292 3036 Vestae
1312 2980 1345 3036 iu
1365 2977 1454 3036 domo

205 3073 344 3131 Caesaris
363 3073 491 3149 Augusti
511 3065 666 3135 Pontificis
690 3073 771 3131 Max.
797 3073 932 3130 dedicata
954 3084 1016 3143 est,
1041 3073 1180 3146 Quirinio
1203 3083 1234 3131 et
1252 3072 1360 3149 Valgio
1379 3072 1449 3131 Cos.

205 3187 234 3224 ιι.
256 3187 283 3224 e.
307 3167 372 3226 742.
388 3168 509 3239 thtcttm
528 3168 647 3244 antique
665 3186 722 3244 pro
734 3166 871 3238 frugum.

704 3250 945 3321 ‚nucumssmt‘

280 3358 331 3427 1ο]
362 3353 426 3412 TR.
456 3353 525 3426 „Ex
552 3356 599 3411 his
627 3351 743 3411 duabus
771 3354 866 3411 literis
890 3357 1018 3411 coniicio
1041 3355 1181 3411 Verrium
1205 3355 1252 3411 hic
1277 3354 1449 3424 adnotasse,

203 3449 281 3506 diem
304 3447 642 3505 1v.aneeldus.1)ec.
684 3447 863 3505 Tribunatui
891 3446 985 3523 plebis
1009 3448 1139 3504 ineundo
1163 3429 1325 3504 solemnem
1344 3450 1448 3520 fuisse,

203 3543 282 3620 quod
302 3561 338 3599 eo
358 3542 405 3598 die
424 3543 513 3618 primi
533 3539 660 3598 Tribuni
680 3542 720 3617 pl.
744 3544 951 3619 magistratmu
972 3543 1104 3598 inierint.
1116 3543 1131 3563 ”
1150 3543 1276 3620 Foggiu.

281 3640 332 3709 15]
352 3634 523 3693 Consualia.
552 3635 657 3691 Feriae
677 3635 777 3693 Conso
797 3654 822 3692 s.
840 3635 980 3711 Neptuno
1001 3639 1141 3713 equestri.
1182 3637 1259 3713 Equi
1279 3647 1308 3693 et
1326 3637 1398 3694 muli
1416 3640 1449 3694 iu

203 3730 383 3787 Carinis...
424 3729 654 3785 Lectisternium
672 3748 788 3807 quoque
805 3728 869 3786 Rex
887 3748 1032 3806 equorum
1053 3749 1193 3806 manceps
1213 3742 1355 3805 praestat.
1398 3729 1450 3788 Sic

203 3825 385 3901 Foggiuius;
426 3822 573 3899 quomodo
596 3825 652 3875 elec
668 3864 700 3877 ..
726 3827 893 3898 acceperit,
918 3843 973 3880 nos
1000 3826 1117 3880 celans:
1141 3827 1258 3886 electrum
1279 3827 1331 3880 vix
1351 3835 1450 3900 potest

203 3938 288 3987 esse,
315 3919 451 3996 equidem
470 3917 610 3992 suppleo:
635 3918 853 3977 lectisternium
872 3938 888 3974 e
907 3919 991 3975 lectis
1013 3922 1142 3996 quinque
1161 3918 1236 3975 Rex.

280 4017 331 4086 21]
356 4013 461 4070 Furiae
481 4011 593 4068 divales
614 4011 821 4088 Angeroniam,
848 4015 896 4068 cui
916 4011 1098 4070 sacrificimn
1117 4015 1149 4068 iu
1169 4031 1220 4069 ara
1241 4011 1387 4091 Volupiae
1405 4009 1449 4070 fit.

281 4111 332 4179 22]
357 4103 485 4162 Laribus
504 4108 684 4181 permarinis
707 4110 736 4162 in
755 4105 902 4180 portubus
924 4105 1070 4182 (Tiberis)
1087 4149 1093 4161 .
1111 4148 1118 4160 .
1137 4148 1168 4162 ..
1191 4106 1353 4182 pollucent.

198 4240 202 4251 .
279 4204 330 4273 25]
352 4200 565 4257 Larentiualia.
606 4201 712 4257 Ferise
733 4201 807 4257 Iovi.
847 4199 946 4257 Accae
967 4199 1147 4258 Larentinae
1168 4200 1333 4276 parentalia
1354 4219 1379 4256 s.
1402 4219 1452 4257 sa-

205 4290 362 4349 crificium.
403 4294 488 4351 Hanc
508 4293 558 4350 alii
576 4294 659 4351 Remi
680 4305 709 4350 et
726 4293 843 4352 Romuli
863 4298 1027 4361 nutricem,
1051 4295 1185 4351 Faustuli
1204 4297 1377 4370 coniugem,
1401 4294 1452 4350 alii

205 4389 409 4453 meretricem,
430 4387 570 4445 llouculis
589 4400 722 4445 scortum
741 4390 833 4446 luisse
852 4388 972 4456 dicuut;
998 4390 1048 4444 alii
1066 4390 1094 4444 ei
1110 4391 1264 4462 parentari
1284 4400 1313 4444 et
1332 4386 1452 4463 publice

200 4480 287 4558 quod
305 4480 448 4556 populum
467 4480 632 4537 Romanum
650 4482 789 4540 heredem
807 4484 912 4540 lecerit
930 4500 1054 4559 magnae
1074 4485 1234 4558 pecuniae,
1256 4500 1345 4560 quom
1364 4500 1451 4541 aece-

198 4577 282 4651 perit
305 4578 342 4632 e'x
363 4585 542 4647 testamento
563 4575 690 4634 Tervilii
709 4578 851 4634 amatoris
871 4578 928 4636 sui.
1361 4590 1365 4599 ¹
