3090 5116
146 282 199 338 128
516 272 553 334 C.
571 272 647 332 XIV
647 315 656 331 .
694 271 770 332 RES
788 271 1009 333 Mutrium.

218 410 303 468 5590.
341 406 379 463 D.
397 406 429 465 Μ
448 417 463 486 ι11
486 404 525 478 Q.
540 403 726 463 CAECILIO
747 404 785 477 Q.
807 403 832 462 F
853 404 867 462 ll
888 402 1043 462 Marem
1064 403 1077 462 l
1099 402 1266 461 MAXIMO
1285 401 1387 460 rtat-

143 497 240 557 POLI
260 503 273 558 11
296 500 378 557 MIL.
407 499 499 558 COH.
516 487 587 587 Vll.
615 501 666 558 PR
694 498 706 558 t
736 497 1164 556 svaLAu1.ralssvN1.
1197 528 1229 541 -
1278 496 1386 556 Cerri-

145 595 236 669 gnani
254 595 286 649 in
305 612 379 669 agro
399 591 598 668 Aquileiensi;
624 590 676 650 ubi
694 593 767 650 baeu
787 591 926 649 adnotavi
948 593 1037 648 etiam
1055 592 1144 648 Grut.
1164 597 1235 661 572,
1257 594 1316 661 5.,Ι
1332 609 1387 647 ex-

108 701 110 705 *
144 687 303 762 plicantiaz
332 685 366 743 Si
385 683 642 754 SINGVLARIS,
669 697 703 743 ut
726 685 851 742 alterum
870 685 983 743 Bertoli
1004 685 1169 761 exemplum
1194 683 1283 743 habet
1306 684 1387 760 apud

107 788 110 793 '
146 779 362 846 Muratorium,
390 790 468 836 esset
488 780 589 835 verior
606 778 712 847 lectio,
739 781 900 856 genitivum
919 790 990 836 tune
1010 781 1176 855 acciperem
1195 780 1294 836 danao
1314 776 1387 835 sub-

146 876 255 930 iectum
280 890 385 948 saepe,
418 870 469 928 uhi
494 873 610 929 dativus
636 870 760 930 debebat
789 875 968 930 continuari.
1007 874 1053 932 De
1082 871 1290 951 singularibus
1319 872 1384 929 scil.

146 965 323 1044 Equitibus,
357 967 452 1043 inquit
483 966 686 1035 Muratorius,
719 967 864 1024 videndus
896 967 1028 1043 Lipsius.
1070 966 1158 1025 Fallit
1187 966 1387 1024 Muratorium

146 1063 305 1128 memoria;
343 1061 431 1116 immo
450 1059 587 1135 Lipsius,
621 1063 672 1137 qui
696 1061 732 1117 de
756 1061 902 1133 Equitihas
920 1061 1117 1131 sequuturae
1142 1061 1233 1118 altum
1258 1061 1384 1127 siluerit,

147 1165 248 1210 notam
279 1155 443 1210 incucurrit
474 1152 607 1210 Fabretti
638 1173 668 1230 p.
692 1157 758 1217 556.
803 1154 906 1231 Neque
934 1155 1092 1232 quidquam
1120 1156 1219 1212 lacere
1247 1154 1387 1211 videntur

146 1248 261 1320 Equites
287 1248 453 1317 Singulares
481 1249 518 1304 ad
546 1248 636 1304 hosce
664 1249 829 1317 singulares
858 1249 1041 1303 tribunorum.
1085 1246 1258 1325 singulares
1288 1250 1386 1306 nostri

146 1343 246 1417 potius
266 1340 379 1416 pedites
399 1341 538 1397 videntur
556 1341 664 1410 luisse,
687 1360 781 1417 neque
800 1353 899 1398 tamen
918 1343 1065 1419 gregarii,
1093 1342 1146 1399 sed
1164 1343 1311 1419 quoddam
1329 1345 1386 1399 im·

146 1437 280 1492 munium
297 1453 407 1511 genus,
436 1437 486 1511 qui
507 1436 652 1491 immunes
671 1428 763 1492 variis
784 1433 951 1492 nominibus
972 1436 1104 1493 distincti
1123 1447 1301 1504 occurrunt,
1322 1437 1386 1493 lor-

146 1540 226 1586 tasse
247 1538 276 1585 et
295 1526 454 1604 gradibus,
484 1528 525 1584 ita
544 1539 576 1584 ut
594 1530 765 1603 promoveri
784 1547 899 1606 quoque
920 1530 1086 1605 potuerint,
1116 1532 1303 1607 promotique
1327 1532 1387 1587 sint

147 1624 179 1680 in
200 1623 373 1680 irumunium
391 1621 508 1685 ordine.
547 1622 670 1679 Fundus
690 1624 864 1679 assertionis
882 1622 969 1679 huius
987 1624 1061 1679 mihi
1080 1622 1167 1681 Grut.
1182 1628 1253 1692 595,
1274 1628 1321 1682 5.=

221 1767 305 1821 5591.
346 1761 381 1819 C.
410 1761 511 1819 Coelio
538 1762 666 1820 Aniceto
697 1762 760 1819 mil.
791 1763 865 1820 Cob.
886 1748 927 1818 ll'.
956 1761 1018 1818 PR.
1041 1760 1145 1819 SING.
1177 1761 1281 1820 TRIB.
1314 1760 1385 1821 SPE

147 1854 398 1913 BENEFICIAR.
430 1855 507 1911 lluio
522 1855 605 1912 Ordo
623 1857 828 1913 sanctissimus
841 1856 952 1913 Deour.
973 1855 1012 1913 ob
1032 1854 1136 1913 SPEM
1156 1854 1386 1914 PROCESSVS

148 1951 211 2004 eins
226 1950 369 2007 honorem
381 1950 599 2006 Decurionatus
617 1952 778 2027 gratuitum
792 1946 908 2007 obtulit.
924 1961 980 2007 cet.
1003 1948 1091 2026 (v.N.
1101 1948 1199 2025 5550.)
1223 1950 1299 2006 Puto
1314 1947 1388 2006 Sea·

147 2041 273 2119 ligerum
285 2043 383 2102 Indo.
401 2042 476 2099 male
490 2042 645 2099 divisisse:
661 2044 727 2099 Coi.
734 2045 774 2097 11.
785 2044 834 2098 Pr.
844 2045 940 2113 Singa
960 2044 1029 2100 item
1036 2044 1116 2113 δίης.
1130 2045 1199 2099 item
1212 2046 1265 2116 Spe
1271 2042 1392 2118 Beaefi*

146 2142 261 2191 elarius.
299 2136 418 2193 Rectius
445 2138 634 2212 iungeretur:
662 2139 743 2207 Sing.
763 2137 841 2191 Trib.
861 2138 914 2210 Spe
931 2136 1145 2210 Beneficiarias.
1184 2132 1288 2194 SING.¹
1310 2138 1389 2194 enin

146 2250 209 2288 non
234 2242 280 2287 est
306 2232 456 2306 epitheton
482 2230 622 2288 Cobortis
643 2230 683 2286 11.
709 2231 904 2287 Praetoriae,
933 2228 1039 2286 Alium.
1054 2232 1233 2299 Singularem
1257 2249 1319 2287 nou
1342 2250 1390 2303 spo

147 2336 263 2382 tantum
290 2324 514 2398 beneficiarium,
545 2323 599 2381 sed
625 2325 804 2394 Singularem
831 2322 1041 2396 beneficiariam
1067 2322 1208 2380 habemus
1238 2325 1271 2380 in
1300 2323 1388 2382 Grut.

146 2425 218 2486 ¹131,
240 2423 287 2489 9.,
317 2436 495 2495 quamquam
516 2436 621 2474 saxum
638 2417 717 2474 istud
735 2417 910 2492 perplexum
931 2428 992 2484 est,
1023 2414 1185 2494 dubiaeque
1209 2419 1391 2493 interprete-

148 2513 249 2568 tionis.
288 2511 325 2567 ln
345 2510 432 2568 Grut.
450 2516 521 2578 572,
543 2515 590 2579 5.,
612 2522 658 2567 est
676 2509 881 2567 PROMOTus
900 2509 965 2566 EX.
987 2510 1048 2567 BF.
1069 2510 1392 2569 Puaarucuottvm

150 2616 220 2680 puta
248 2605 415 2672 Praetorio,
444 2605 512 2687 quia
543 2604 579 2662 de
606 2604 710 2660 militia
738 2605 998 2679 praetorianorum
1027 2602 1068 2661 ibi
1096 2607 1277 2681 praeeessit3
1311 2604 1391 2681 qnod
1462 2614 1468 2628 “

150 2717 211 2754 non
240 2699 408 2773 acceperim
435 2697 514 2772 hune
542 2707 711 2772 promotum
735 2698 767 2753 iu
793 2698 929 2755 altiorem
960 2698 1106 2775 quendam
1132 2697 1394 2757 beneficiariorum

151 2790 292 2869 gradum,
326 2790 379 2847 sed
407 2792 438 2846 in
463 2790 552 2846 alium
579 2791 673 2867 gradu
698 2788 957 2848 beneficiariorum
983 2794 1221 2859 honoratiorem,
1255 2795 1287 2848 iu
1317 2810 1391 2848 saxo

151 2896 249 2941 tamen
269 2886 407 2951 tacitum3
442 2885 501 2940 nisi
527 2884 629 2952 malis,
658 2884 815 2941 FACTVS
837 2886 940 2957 EQues
964 2889 1171 2961 praetorianus
1190 2885 1394 2943 Pttottorm

152 2978 261 3054 (quum
286 2990 529 3052 promoveretur,
563 2978 610 3034 vel
632 2997 686 3053 per
706 2978 941 3054 promotionem)
971 2979 1037 3036 EX.
1058 2979 1118 3036 BF.
1140 2977 1394 3037 PRAEFECTO-

151 3071 251 3133 Imm,-
284 3071 347 3138 vel,
369 3091 458 3148 quum
479 3083 556 3128 esset
575 3071 732 3128 FACTVS
754 3072 837 3144 EQ„
866 3074 970 3130 deinde
995 3093 1089 3149 porro
1115 3072 1333 3138 PROMOTus,
1361 3081 1396 3127 ut

152 3176 231 3220 esset
250 3184 326 3220 uuus
356 3165 420 3221 EX.
449 3164 509 3221 BF.
537 3165 902 3236 PRAEFECTORer)
941 3168 985 3223 Ita
1011 3169 1043 3223 in
1069 3167 1156 3231 Grut.
1177 3170 1249 3235 551,
1271 3173 1319 3234 5.,
1349 3175 1395 3221 est

152 3259 322 3331 Principalis
341 3258 535 3332 beneficiarius
553 3260 673 3325 tribuni,
694 3259 799 3316 deinde
819 3260 904 3332 Optio
923 3266 953 3311 in
971 3267 1110 3313 centraria.
1148 3259 1247 3316 Redeo
1267 3259 1305 3316 ad
1324 3260 1396 3312 Sirr-

152 3354 266 3423 galares
298 3363 438 3418 nostros,
472 3370 546 3428 quos
575 3353 702 3408 fortasse
731 3355 841 3409 rectius
876 3354 1023 3420 coniicio,
1057 3372 1145 3429 quam
1172 3348 1329 3410 Reinesius
1357 3352 1397 3408 ad

154 3454 187 3515 1,
209 3450 255 3505 16.
282 3465 312 3520 p.
334 3448 380 3503 ln.
420 3446 533 3517 Equites
558 3448 722 3515 singulares
746 3446 854 3512 voluit,
889 3457 1007 3502 notatus
1033 3456 1192 3521 propterea
1217 3443 1397 3525 aFabretto

153 3557 184 3614 p.
206 3545 289 3607 357„
311 3549 371 3594 tam
391 3540 421 3594 in
441 3536 538 3606 Vrbe,
561 3558 648 3615 qnam
668 3542 699 3595 in
719 3541 843 3607 rastris,
872 3540 1089 3613 praefectorum
1108 3540 1244 3608 militiae,
1272 3540 1303 3594 in
1322 3557 1399 3615 pro-

153 3632 319 3708 ¹vinciisque
338 3633 485 3687 maiorum
507 3636 731 3708 magistratuum
750 3635 936 3707 apparitores
956 3634 1064 3699 luisse;
1092 3633 1219 3689 fortasse
1246 3643 1275 3689 et
1300 3633 1397 3708 ipsius

153 3725 364 3801 Imperatoris,
396 3744 454 3801 quo
480 3745 525 3782 me
553 3727 633 3782 ducit
660 3726 747 3783 Grut.
768 3732 838 3794 529,
861 3732 906 3794 5.,
937 3724 987 3780 ubi
1011 3725 1160 3802 Scaliger,
1189 3726 1349 3783 Reinesius
1367 3738 1400 3783 et

155 3820 265 3877 Gorius
289 3822 416 3894 iungunt
435 3821 601 3887 Singulares
618 3821 805 3891 Imperatoris
828 3821 897 3888 Lag.
916 3821 959 3873 1..·
978 3818 1007 3874 id
1027 3819 1105 3895 quod
1124 3821 1235 3887 miror;
1263 3831 1401 3895 praestat

54 3928 57 3933 ·
155 3916 233 3970 enim
253 3915 425 3989 seiungere,
455 3923 484 3968 et
507 3913 642 3986 arripere
665 3911 787 3967 militem
811 3912 892 3968 illum
917 3913 1008 3969 fuisse
1036 3912 1093 3968 EX
1119 3911 1401 3970 SINGVLARIBue

154 4006 366 4072 IMPeraton's,
399 4016 553 4080 praeterea
583 4005 732 4081 legionum
761 4024 830 4073 sex,
864 4025 937 4082 quae
967 4006 1070 4063 ordine
1100 4005 1142 4063 ibi
1173 4018 1400 4078 enumerantur,

154 4099 344 4157 HASTatam
362 4110 391 4154 et
410 4098 588 4172 PRincipem.
627 4098 739 4155 Saxum
757 4100 854 4173 ipsum
872 4100 928 4156 boe
950 4111 1010 4156 est:

161 4245 474 4264 ψ

190 4340 212 4396 l)
242 4341 284 4386 Ex
300 4339 492 4404 Beneficioriis,
521 4356 554 4386 ex
574 4340 768 4401 singularibus,
798 4355 832 4384 ex
851 4339 1012 4405 Tabuluriis,
1040 4355 1074 4384 ex
1095 4338 1275 4398 circitoribus,
1304 4343 1401 4402 aliaque

158 4414 260 4467 similia,
293 4425 395 4470 quorum
412 4425 522 4470 inagnum
541 4427 665 4456 uulnerum
684 4412 804 4470 congessit
821 4412 909 4457 Marini
928 4411 978 4454 Atti
1001 4425 1024 4466 p.
1047 4409 1123 4467 267.,
1150 4411 1282 4470 significant
1298 4427 1334 4457 ex
1352 4427 1401 4458 nu·

156 4495 239 4536 sivero,
270 4495 304 4524 ex
331 4478 418 4524 ordine
445 4480 675 4543 benefieiuriorum,
709 4481 830 4539 probeque
855 4481 1016 4539 distinguenda
1043 4487 1096 4524 sunt
1121 4497 1134 4526 a
1158 4492 1257 4527 nurnero
1281 4470 1418 4542 singulari·

41 4597 44 4601 ,
155 4566 179 4596 v.
201 4565 222 4594 e.
243 4548 285 4594 Ex
304 4548 423 4607 Optione,
443 4548 485 4594 Ex
503 4547 648 4610 Signifero,
678 4553 694 4595 i.
715 4566 737 4595 e.
759 4565 801 4604 eo,
829 4553 867 4607 qni
887 4556 940 4594 ante
959 4550 1004 4594 luit
1021 4550 1107 4605 Optio,
1134 4566 1194 4595 nune
1212 4566 1258 4596 uon
1277 4557 1329 4608 est,
1355 4555 1401 4599 sed

43 4752 152 4808 ‘Q

155 4620 200 4667 vel'
213 4620 241 4664 ad
259 4622 356 4666 altiores
373 4622 461 4680 palas
479 4626 619 4677 promotus,
639 4622 675 4666 vel
693 4621 818 4666 honestum
834 4623 974 4665 missionem
992 4623 1099 4677 adeptus.
1136 4622 1231 4667 Onus..
