3090 5116
558 256 583 314 1.
624 256 750 315 INDEX
770 253 982 318 Notsnvtt.

253 387 287 444 F.
302 388 347 444 De
362 385 425 445 Suo
436 388 521 445 Fecit
533 389 619 449 2521.

252 464 276 523 Ι.
293 464 358 520 Diis
373 463 501 522 Sacrum
515 465 625 520 Inferis
638 467 724 525 5150.

250 539 274 595 Ι.
291 539 332 596 Μ.
357 539 422 595 Deo
441 538 505 596 Soli
521 540 639 597 invicto
652 540 745 596 Mith-

135 680 143 687 ,
183 619 334 672 re1050.
351 618 435 672 1909.
687 631 690 637 ’

177 732 184 744 .
199 689 231 746 S.
244 691 278 746 P.
295 689 339 746 De
351 691 414 747 Suo
424 691 560 761 Posuit]
572 690 641 748 vide
657 690 740 749 1510.

144 765 183 822 D.
200 765 233 822 S.
249 766 284 822 Ρ.
301 765 338 822 Ι).
361 766 405 823 De
420 766 482 824 Sua
495 768 628 823 Pecunia
643 765 743 823 Dede·

183 841 331 902 rnnttlil.

145 916 263 974 DSPD.
287 916 332 973 De
352 915 414 974 Sua
434 917 574 975 Pecunia·
586 915 746 975 Dederuut

184 995 269 1055 2966.

146 1066 428 1124 D.S.P.D.D.B.
444 1066 487 1124 M.
503 1068 549 1124 De
564 1066 747 1125 SuoPosuit

186 1143 232 1199 vel
251 1142 296 1199 De
317 1142 523 1219 SuayPecunia
539 1142 628 1200 Dedit
640 1145 746 1200 Dona-

184 1221 230 1274 vit
244 1218 302 1287 (vel
312 1219 401 1275 Dono
410 1217 512 1287 Dedit)
523 1217 605 1275 Bene
615 1219 745 1277 Merenti

187 1298 272 1354 5572.
431 1330 434 1334 ‡
484 1304 489 1315 ·

148 1369 187 1426 D.
202 1367 235 1425 S.
246 1369 281 1425 Ρ.
293 1368 362 1426 Ex.
375 1369 412 1425 D.
428 1367 466 1424 D.
480 1369 525 1426 De
539 1366 601 1425 Sua
615 1368 745 1425 Pecunia

187 1443 234 1500 Ex
248 1444 378 1501 Decreto
392 1444 598 1500 Decurionum
613 1448 697 1504 5879.

147 1520 187 1577 D.
199 1518 231 1576 S.
242 1518 383 1576 PECVL.
397 1520 441 1576 De
453 1518 515 1577 Suo
526 1519 648 1576 Peculio
660 1526 745 1581 1625.

148 1595 187 1652 Ι).
204 1593 236 1651 S.
252 1596 286 1651 P.
303 1595 338 1650 R.
361 1596 405 1651 De
425 1595 487 1653 Sua
501 1594 633 1652 Pecunia
646 1596 747 1653 Resti-

101 1694 109 1701 ·
185 1673 243 1727 tuit
255 1671 340 1729 1521.

147 1744 279 1803 D.S.P.
297 1746 373 1803 V.l.
390 1744 422 1802 S.
438 1745 475 1801 1..
492 1745 746 1803 NLDeSuoPo-

187 1823 248 1876 suit
268 1821 324 1888 (Dc
339 1820 398 1877 Sua
413 1821 557 1889 Pecunia)
579 1820 689 1878 Votum
704 1822 745 1877 Iis

186 1894 284 1952 Solvit
295 1894 363 1952 Lih.
378 1896 455 1952 Mer.
473 1897 556 1952 1172.

147 1970 188 2027 Ι).
205 1970 237 2028 S.
253 1971 289 2026 R.
306 1972 349 2027 De
364 1971 425 2026 Suo
438 1972 647 2027 Restituerunt
659 1974 725 2027 988.

148 2047 187 2104 Ι).
209 2045 266 2104 SS.
287 2046 332 2103 De
352 2045 482 2103 Senatus
503 2046 660 2104 Sententia
678 2050 744 2108 566.

180 430 187 443 0

180 506 186 518 Ι

177 580 185 593 0

230 431 237 444 Φ

230 507 236 518 Ι

227 581 234 594 l

203 385 226 445 S

204 463 225 521 S

201 538 223 596 S

202 633 218 670 a

147 387 176 445 D

147 462 176 520 D

146 536 173 595 D

146 689 174 746 D

188 2127 272 2183 5751.
285 2126 369 2180 5850.

150 2196 188 2253 Ι).
200 2196 238 2252 Τ.
251 2196 415 2253 Dumtaxat
422 2196 508 2255 1101.

150 2271 216 2327 DV.
229 2271 315 2327 Divis
327 2277 391 2329 180.
472 2312 475 2316 ,

151 2346 242 2405 DVC.
255 2347 444 2403 Ducenarius
458 2353 541 2407 1050.
556 2349 638 2407 1555.

150 2421 286 2480 DVCEN
290 2422 353 2478 All.
364 2423 390 2477 T
393 2422 469 2480 RIB.
482 2423 666 2480 Ducenario.
676 2423 748 2479 Tri·

188 2495 271 2554 buno
286 2503 370 2559 5622.

149 2571 189 2629 D.
202 2573 240 2628 V.
256 2574 280 2628 Ι.
297 2574 334 2628 Ι).
351 2574 450 2630 Duum
462 2574 517 2630 Vir
531 2575 595 2631 luri
607 2574 747 2632 Dicundo

190 2654 272 2710 1168.
286 2649 370 2709 2116.
741 2651 744 2655 ’

147 2722 240 2780 DVP.
254 2724 417 2798 Duplarius
428 2726 514 2786 5181.
529 2728 614 2786 5658.

148 2798 267 2855 DVPL.
284 2799 330 2854 Du
343 2800 448 2856 ilarius
459 2804 544 2858 2099.

147 2873 266 2932 DVPL.
280 2875 319 2930 N.
333 2820 506 2932 EXPLOE.
527 2875 665 2951 Duplarii
682 2875 747 2932 Nu-

186 2968 288 3005 merus
300 2949 534 3025 Exploratorum
549 2957 621 3010 206.·

147 3022 241 3082 DVP.
253 3024 341 3083 SVB.
354 3026 389 3083 P.
402 3026 437 3083 C.
450 3025 518 3083 vide
529 3030 614 3087 5608.
666 3061 667 3064 =

430 3198 473 3273 E.

150 3325 188 3384 Ε.
207 3324 376 3393 Evocatus,
399 3325 448 3381 vel
465 3326 616 3382 Emeritus
635 3329 720 3384 5552.

151 3402 188 3460 Ε.
208 3402 243 3458 Ε.
262 3401 300 3473 Q.
319 3402 357 3473 Q.
375 3402 411 3458 ll.
432 3402 469 3458 lt.
487 3401 611 3478 Equites
621 3401 758 3458 Romani

190 3482 274 3537 3721.

154 3552 216 3610 EE.
230 3551 297 3624 QQ.
311 3551 373 3608 ult.
392 3551 534 3627 Equitum
544 3551 751 3608 Romanorum

193 3628 321 3683 duorum
339 3628 423 3686 5710.

153 3702 192 3762 Ε.
210 3703 235 3758 Ι.
254 3703 321 3758 vide
339 3707 424 3761 5555.

154 3778 234 3836 EID.
253 3776 357 3834 Idibus
373 3778 420 3834 12.

153 3854 223 3911 ΕΜ.
241 3853 391 3909 Emeritus
407 3853 491 3912 5171.
543 3916 547 3935 ἱ
583 3881 587 3906 ι

153 3930 191 3987 Ε.
204 3928 245 3986 Μ.
258 3928 296 3983 D.
310 3927 342 3984 S.
356 3930 389 3984 P.
401 3929 436 3984 E.
456 3929 480 3984 Ε
498 3927 615 3985 Monitu
630 3927 675 3984 Dc
690 3926 751 3986 Sua

192 4005 323 4061 Pecunia
336 4003 440 4059 Erexit
450 4005 536 4063 2167.

154 4079 276 4136 ΕΜΕΕ.
289 4080 440 4135 Emeritos
451 4081 536 4138 5171.

154 4155 248 4212 ΕΜΡ.
264 4156 439 4229 Emporium
450 4155 535 4214 1516.

153 4231 190 4288 Ε.
200 4231 241 4288 Μ.
250 4230 287 4285 V.
300 4229 448 4306 Egregiae
460 4229 625 4287 Memoriae
637 4232 693 4287 Vir
704 4231 750 4288 71.

155 4380 224 4438 ΕΜ.
237 4381 275 4437 V.
291 4380 537 4436 Eminentissimo
552 4380 625 4436 Viro
641 4386 724 4438 5100.

156 4457 221 4513 ΕΝ.
236 4456 452 4514 Endotercisus
468 4456 535 4512 Vol.
553 4464 580 4511 2.
593 4475 623 4530 p.
639 4461 706 4515 582.

155 4533 192 4589 Ε.
209 4532 243 4588 Ρ.
260 4532 345 4607 Equo
360 4531 484 4587 Publica
499 4539 583 4588 1702.

155 4608 222 4682 EQ.
238 4607 416 4683 Equestrein
430 4614 582 4675 (statuam)
595 4605 680 4666 5711.

1338 263 1395 321 159

796 389 861 538 Eg.
878 391 1035 467 Equitatoe
1049 391 1134 449 1979.

795 465 819 521 Ε
854 466 910 524 .C.
927 467 961 522 fl.
984 468 1122 543 Equitata
1144 468 1261 524 Civium
1283 466 1396 525 Roma-

832 559 942 597 norum
955 542 1089 607 (cohors)
1103 550 1187 599 2211.

794 615 858 688 EQ.
880 617 922 673 Μ.
946 617 1088 693 Equitata
1108 619 1238 675 Miliaria
1260 620 1394 689 (cohors)

831 692 916 751 5105.

794 765 908 840 001).
924 767 1010 845 Equo
1019 765 1141 844 publico
1153 773 1199 828 75.
1211 775 1296 828 2182.
1309 769 1393 829 5157.

795 917 860 991 EQ.
877 919 965 975 PVB.
982 918 1069 994 Equo
1082 914 1210 974 Publico
1223 923 1270 979 62.

795 994 831 1050 Ε.
841 995 879 1066 Q.
891 994 926 1050 E.
942 995 1042 1070 Eques
1051 993 1203 1050 llomauus
1215 995 1298 1052 1518.
1307 997 1393 1054 5560.

796 1070 831 1126 Ε.
849 1071 884 1142 Q.
903 1070 937 1125 lt.
954 1070 1055 1146 Equiti
1068 1068 1203 1125 Romano
1217 1071 1302 1125 1101.

796 1144 860 1216 EQ.
877 1143 981 1201 SING.
1003 1145 1104 1219 Eques
1124 1144 1306 1217 singularis,
1328 1141 1393 1202 vel:

796 1219 1393 1370 ..11115111551111...

796 1371 832 1427 Ε.
848 1371 884 1427 ll.
901 1315 1031 1427 Rullo
1045 1368 1110 1427 Pub
1124 1373 1170 1426 ica
1184 1373 1270 1431 5896.

798 1444 834 1504 Ε.
852 1444 884 1503 S.
899 1446 924 1502 Ε
938 1464 993 1502 suo
1007 1447 1046 1514 (1)
1061 1450 1144 1504 1585.

797 1521 886 1595 ESQ.
903 1520 1060 1598 Esquilina
1074 1520 1154 1577 trihu
1169 1525 1255 1582 2621.

798 1596 881 1654 ESS.
900 1597 1079 1653 Essedarius
1093 1601 1178 1657 2566.

797 1671 917 1729 ETMS.
934 1672 972 1728 Et
985 1670 1134 1730 Matribus
1149 1675 1233 1729 1981.
1321 1718 1324 1723 «
1366 1672 1370 1677 ’

798 1747 915 1804 EVOC.
931 1747 1082 1803 Evocatus
1096 1748 1182 1804 1927.

794 1821 1397 1897 EVOC.AVG.EvocatusAugusti5465.
1432 1810 1440 1824 ⁹

797 1897 920 1967 Evoc.
940 1897 976 1953 B.
999 1898 1151 1955 Evocatus
1174 1894 1395 1954 Beneliciarius

796 2064 964 2123 nxncvo
980 2050 1066 2123 c'o's'.
1086 2065 1154 2122 vine
1168 2069 1253 2125 ain.

798 2140 922 2198 EXAR.
937 2141 1005 2198 vide
1020 2144 1103 2200 5110.

798 2216 865 2273 EX.
896 2216 955 2272 BF.
988 2215 1074 2274 COS.
1115 2213 1162 2270 Ex
1192 2212 1394 2272 Beneficiario

836 2292 884 2348 vel
900 2294 1016 2367 potius:
1034 2289 1242 2348 Beueliciariis
1254 2290 1395 2347 Consulis

836 2372 920 2426 5578.
941 2368 998 2423 clr.
1014 2368 1080 2424 Vol.
1097 2374 1124 2423 2.
1144 2385 1176 2440 p.
1192 2370 1256 2423 128.
1272 2366 1393 2423 Notaui.

798 2442 890 2500 EXC.
907 2443 1059 2518 Exceptus
1074 2444 1158 2499 1122.

798 2517 865 2575 ΕΧ.
883 2517 967 2575 CCC.
983 2519 1029 2574 Ex
1043 2519 1231 2575 Tercenario
1244 2517 1329 2575 5157.

797 2592 952 2651 ΕΧΟΟΜ.
967 2592 1067 2650 DOM.
1091 2593 1137 2648 Ex
1156 2593 1271 2650 Cotuite
1284 2591 1396 2648 Dome-

837 2672 913 2726 stico
927 2673 1011 2729 5188.

797 2744 852 2802 EX
867 2747 905 2802 D.
921 2744 967 2800 Ex
980 2744 1111 2800 Decreto
1124 2743 1211 2800 1901.

798 2818 1397 2878 EXDD.ExDecurionumDecret08l2.

798 2895 864 2952 EX.
880 2895 914 2952 F.
929 2895 975 2950 Ex
989 2894 1106 2970 Figlina
1121 2897 1206 2954 5126.

797 2971 853 3029 EX
873 2971 951 3028 FIG.
977 2970 1038 3037 (ΡΙ.
1064 2969 1111 3026 vel
1130 2968 1179 3039 Ρ.)
1201 2968 1248 3024 Ex
1266 2968 1395 3046 Figliua.

835 3047 1023 3105 18851887.

798 3121 976 3177 EXNAVP.
993 3121 1040 3176 Ex
1052 3120 1116 3175 Nao
1128 3118 1246 3192 thylace
1260 3123 1345 3179 5595.

796 3194 855 3252 EX
874 3197 910 3252 P.
932 3197 966 3252 P.
987 3195 1026 3252 Ι).
1048 3196 1095 3250 Ex
1117 3139 1248 3251 l³ecunia
1262 3193 1396 3251 'Publica

836 3271 1062 3328 Dedicaverunt
1075 3271 1159 3327 1197.

799 3345 865 3403 ΕΧ.
879 3348 940 3403 PR.
954 3347 998 3401 Ex
1010 3344 1146 3401 Praediis
1157 3348 1221 3405 855.
1235 3344 1393 3405 8561885.

799 3420 857 3479 ΕΧ
870 3421 931 3478 Pit.
947 3421 994 3475 Ex
1007 3421 1165 3477 Praetorio
1180 3421 1263 3481 1611.

800 3497 895 3554 ΕΧΤ.
910 3498 1055 3552 Exterum
1069 3497 1154 3553 1125.

800 3573 857 3629 EX
870 3572 907 3628 V.
923 3572 969 3629 Ex
983 3572 1061 3628 Voto
1076 3577 1160 3628 1217.

801 3647 868 3707 ΕΧ.
884 3648 921 3704 V.
938 3646 1026 3704 DEC.
1043 3647 1090 3702 Ex
1103 3646 1244 3722 Quinque
1257 3643 1396 3700 Decuriis

839 3724 997 3793 (Indicum)
1012 3727 1058 3782 75.

1083 3877 1124 3950 F.

802 4006 836 4063 F.
853 4003 985 4061 Fabrdm
999 4007 1084 4063 5955.
1100 4005 1184 4060 1089.

802 4083 837 4138 F.
854 4082 962 4137 Festus
976 4079 1039 4135 dies
1049 4080 1117 4135 Vol.
1131 4086 1157 4135 2.
1170 4098 1200 4154 p.
1213 4081 1278 4137 582.
1290 4086 1319 4131 ct
1329 4077 1395 4132 107.

802 4158 836 4213 F.
852 4156 963 4211 Fidelis
976 4157 1061 4212 1985.

803 4233 837 4287 F.
853 4231 969 4300 Figlina
986 4232 1072 4287 1887.

803 4308 838 4363 F.
855 4306 914 4362 Fili
929 4307 1083 4374 (vocatis.)
1098 4305 1183 4369 1275.

803 4382 837 4438 F.
853 4382 988 4438 Functus
1003 4387 1086 4438 2178.

804 4459 839 4516 Ἰ.
855 4457 964 4522 Filius,
987 4456 1161 4514 8111112699.

803 4533 837 4589 Ρ.
860 4534 897 4587 Α.
920 4532 1069 4600 (Colonia)
1087 4530 1251 4588 Foederata
1271 4529 1399 4585 Aventi-

840 4627 909 4665 cum
922 4613 987 4667 570.
