3090 5116
157 282 195 341 aa
254 235 261 251 ⁸
393 281 428 342 c.
449 282 490 341 x.
530 282 606 342 uss
626 283 802 342 rvnnrca
821 281 970 344 rervm
988 283 1183 349 nontam„
1261 367 1263 381 μ

154 416 226 465 moti
243 414 302 466 allo
321 412 464 483 Romano,
493 419 552 469 cioe'
571 427 683 469 contre
701 422 794 482 nomi,
820 417 877 494 ‘tu
890 434 1023 487 preaomc
1042 436 1057 468 e
1078 434 1158 468 nome
1177 397 1249 469 tileo
1269 434 1401 473 aoranae

152 506 222 559 ‹loll'
240 509 433 578 Imperatore,
454 508 503 563 che
520 510 566 562 lor
580 516 702 582 permira
721 511 751 562 la
769 509 982 576 cittaclinouro,
1006 509 1055 561 che
1071 519 1171 582 precato
1190 530 1240 562 cro
1258 511 1282 562 il
1298 513 1401 564 costic-

132 601 212 666 ηε,
242 620 257 651 e
275 603 300 652 il
316 602 437 668 dovere,
466 608 496 655 in
516 611 599 655 tauto
618 602 667 656 clie
686 604 796 671 alcuni,
825 602 875 656 elic
893 604 921 654 lu
941 611 1146 656 irascierorouo
1172 612 1250 656 sotto
1270 581 1400 672 Claudio,

148 691 262 766 ficrono
281 695 411 747 condotti
430 714 448 747 o
468 696 529 748 mal
541 702 653 768 partito
678 694 755 771 (Dio
773 699 825 764 60,
848 694 914 772 17.)
952 697 999 749 Ed
1023 699 1037 749 ἑ
1055 697 1145 769 forse
1165 717 1219 769 per
1238 706 1334 769 praesto
1353 697 1403 750 clrc

150 786 346 840 s'iucoutraao
372 794 448 840 tanti
468 788 589 864 Claudj',
609 789 709 865 Flavj,
731 790 818 865 Ulpj,
839 789 902 864 Elj,
924 791 1045 864 Aureli,
1068 789 1184 865 Settimj
1210 793 1286 844 nella
1310 793 1401 845 classe
1453 770 1458 777 ι

152 877 224 931 alellc
242 885 387 933 iscrizioni
406 884 539 949 militari,
560 885 636 936 e'ns‘
655 885 700 936 lor
718 886 862 950 laterculi,
882 884 930 937 clic
949 891 975 937 si
993 903 1088 936 vanno
1107 884 1148 935 od
1164 891 1233 954 ogni
1247 904 1318 957 poco
1338 885 1403 936 dis-

150 973 334 1028 eolterrartdo
362 972 411 1049 (v.
432 973 565 1032 Fabrett·
591 996 621 1053 p.
642 977 729 1053 459.)
756 979 803 1030 do'
829 979 905 1052 quali
930 978 954 1029 ε’
972 984 1084 1049 impuro
1109 975 1224 1044 altresi,
1251 977 1292 1030 clr'
1311 996 1402 1032 erasto

151 1071 234 1138 quusi
251 1073 320 1120 tratti
337 1074 452 1121 oacritti
470 1070 510 1122 od
527 1089 583 1122 ursa
601 1071 714 1144 qitolclte
733 1072 836 1139 Tribii,
866 1092 881 1124 o
906 1073 986 1123 molti
1011 1090 1031 1122 a
1049 1071 1136 1123 Triblc
1160 1090 1218 1125 nort
1241 1076 1402 1125 comseintae

151 1158 219 1212 nell
243 1165 341 1212 aulica
365 1161 470 1229 Roma,
503 1166 537 1214 ne
563 1164 630 1217 date
647 1163 736 1238 forse
760 1167 801 1218 od
824 1167 896 1219 altri
918 1163 966 1218 clia
991 1184 1009 1217 a
1027 1165 1149 1229 solilati,
1181 1184 1196 1216 e
1223 1165 1402 1216 deuorninuta

152 1252 235 1329 uage
251 1259 336 1306 stessi
354 1254 524 1327 Imperatori
543 1256 658 1327 Giulia,
679 1260 830 1335 Augusta,
852 1259 971 1324 flavia,
992 1258 1097 1331 Ulpia,
1126 1256 1210 1313 Aelia
1230 1256 1398 1325 eitaraha,

151 1346 189 1398 cd
211 1365 262 1398 era
287 1347 306 1399 l
326 1355 541 1419 aggrcgusionc
566 1353 607 1404 ad
631 1372 689 1405 ima
708 1354 796 1407 Tribri
817 1353 866 1425 pel
888 1353 999 1404 soldaio
1023 1357 1151 1422 riputata
1168 1368 1261 1423 spesse
1279 1352 1356 1403 volte
1374 1351 1402 1404 si
1490 1354 1492 1356 ’

84 1459 89 1471 ¹
152 1446 328 1506 neccssaria,
361 1442 409 1494 clia
436 1454 533 1516 queem
553 1444 598 1516 fn
616 1447 688 1498 duta
711 1449 840 1499 eaiaudio
858 1446 900 1498 ad
923 1447 1030 1509 alcimi,
1062 1422 1117 1497 elie
1135 1463 1223 1497 erario
1248 1444 1278 1496 di
1296 1464 1402 1514 genere

151 1533 308 1588 libertiao'.''
346 1535 410 1593 cfr.
440 1539 529 1594 etiam
554 1536 687 1596 Fabrett.
707 1560 738 1616 p.
760 1544 825 1602 395.
859 1538 952 1610 ,Nisi
982 1538 1061 1614 quod
1089 1537 1125 1594 de
1154 1539 1220 1594 istis
1249 1535 1398 1606 tribubus,

152 1645 228 1704 quae
248 1618 367 1686 numina
388 1632 580 1706 imperatoria
600 1644 842 1709 assumpserunt,
870 1632 930 1689 dici
947 1633 1051 1688 forsan
1070 1629 1190 1698 debeat,
1216 1649 1267 1688 eas
1286 1633 1402 1690 scilicet
1461 1663 1473 1672 -·

151 1738 261 1779 nomen
274 1741 361 1780 cuum
374 1742 436 1782 nou
450 1724 654 1806 dereliquisse,
672 1728 725 1784 sed
740 1745 849 1783 novum
858 1728 896 1782 'in
909 1726 1107 1782 adulationem
1120 1725 1348 1800 assmnpaisse.”
1366 1756 1399 1770 -

229 1815 377 1874 Trihuum
406 1819 524 1896 quidem
549 1822 675 1878 istarum
701 1822 960 1897 imperatoriarum
983 1819 1097 1875 nullum
1123 1821 1186 1876 iere
1213 1822 1244 1877 in
1262 1821 1400 1897 *antiquis

153 1910 352 1986 scriptoribus
373 1915 530 1990 vestigium
549 1926 702 1990 superest,
731 1916 790 1972 nisi
814 1915 892 1990 apud
912 1914 1049 1971 Cassium
1073 1912 1202 1970 Diouem
1224 1914 1280 1981 hl,
1303 1919 1330 1973 5.
1363 1913 1400 1970 de

153 2003 230 2061 lulio
251 2005 395 2064 Caesare:
429 2010 492 2066 τῶν
511 2009 616 2083 quiuis
633 2009 711 2088 plur
728 2007 786 2084 τὴν
806 2008 908 2084 κλήρῳ
934 2009 1110 2084 λαχοῦσαν,
1134 2004 1271 2066 Ἰουλίαν
1289 2006 1402 2066 ἐπεκά-

152 2098 264 2170 λεσαν,
282 2106 384 2168 etet,
406 2109 452 2160 20.
485 2101 521 2158 de
541 2101 692 2180 Augustus
725 2101 780 2162 καὶ
798 2099 905 2177 φυλὴν
919 2100 1055 2159 'rotulae
1073 2101 1119 2158 ἐπ’
1141 2098 1226 2172 αὐτῷ
1244 2099 1402 2178 ἐπονομά-

152 2194 264 2264 ζεσθαι
289 2194 423 2252 decrerit
448 2206 578 2254 senatus.
619 2196 679 2254 Sed
698 2198 735 2254 ad
755 2198 842 2254 istam
861 2193 974 2252 tribum
992 2193 1097 2250 Iuliam
1118 2194 1326 2261 honorariam,
1358 2204 1398 2260 et,

140 2287 181 2344 sai
199 2287 271 2364 quid
288 2289 391 2359 video,
413 2293 625 2365 temporariam
642 2291 863 2357 tantmumodu,
885 2308 947 2345 non
965 2297 1093 2362 possunt
1110 2288 1219 2343 referri
1237 2288 1295 2344 nisi
1315 2271 1397 2344 Panss

153 2381 273 2438 viniana
292 2383 342 2439 illa
361 2384 518 2442 admodum
542 2384 648 2442 dubiae
672 2385 743 2442 fidei
761 2385 849 2442 Grut.
872 2384 992 2449 51t9‚t.
1019 2392 1048 2437 et
1066 2384 1136 2450 set,
1159 2386 1205 2440 15.
1246 2381 1400 2438 Certiores

152 2485 224 2533 sunt
253 2480 430 2552 posterioris
462 2472 583 2548 aetatis,
620 2481 652 2535 in
682 2477 789 2556 quihus
819 2476 1085 2551 Karthaginienses
1123 2485 1153 2531 et
1180 2475 1336 2532 Vticenses
1367 2476 1400 2531 iu
1426 2494 1458 2524 <⁶

152 2568 257 2629 Africa
276 2571 381 2628 Iuliam
400 2569 513 2628 tribum
529 2571 718 2648 profitentur,
733 2574 861 2647 itemque
882 2579 1022 2646 quattuor
1037 2569 1232 2635 Emouenses,
1247 2587 1272 2625 s.
1287 2569 1398 2624 Aetna·

153 2681 280 2733 nenses,
302 2684 328 2722 s.
349 2665 570 2732 Hemonenses;
596 2685 722 2744 meorum
741 2667 839 2741 patria
859 2662 933 2720 Iulia
952 2665 1085 2719 Aemona
1104 2675 1289 2719 memoratur
1309 2662 1398 2720 Grnt.

147 2761 227 2834 Ι860,
246 2763 288 2818 ’ὃῖ
308 2770 337 2815 et
361 2757 444 2816 Maff.
473 2762 549 2815 Mus.
570 2763 639 2817 Ver.
661 2766 731 2826 225,
754 2765 781 2816 7.
812 2758 908 2815 hodie·
924 2757 1048 2811 Laibach
1073 2775 1098 2812 s.
1127 2757 1262 2811 bahiano.
1303 2756 1402 2814 Simili

153 2869 280 2927 prorsus
306 2854 421 2909 ratione
447 2844 579 2910 videmus
599 2854 702 2911 Flavia
727 2851 809 2909 tribu
835 2854 952 2908 censeri
978 2869 1029 2907 eos
1054 2852 1198 2917 maxhne,
1231 2851 1282 2926 qui
1300 2852 1402 2902 Flavia

153 2947 245 2998 Siscia
264 2957 293 3002 et
311 2948 411 2999 Flavia
430 2949 516 3000 Solva
542 2959 643 3005 essent
665 2948 801 3013 oriundi3
829 2946 932 3004 eodem
957 2963 1073 3022 quoque
1100 2943 1250 3000 deducunt
1274 2946 1400 3019 vestigia
1451 2958 1462 2967 “

154 3039 251 3097 trihus
272 3042 387 3106 Aeliae,
416 3059 483 3097 cum
510 3042 636 3098 militum
661 3043 759 3117 patria
782 3043 880 3105 Aelia,
911 3041 937 3095 si
962 3052 1044 3096 recte
1069 3040 1215 3095 divinavit
1238 3037 1401 3115 llageuhu-

154 3135 256 3209 chius,
278 3136 382 3188 Marsa
401 3136 463 3191 fere
483 3138 651 3192 coniuncta.
686 3134 880 3210 Quadruplici
899 3136 991 3209 igitur
1010 3135 1078 3189 huic
1098 3133 1282 3188 similitudini
1302 3143 1401 3188 atten-

155 3229 274 3295 dentes,
305 3247 357 3295 eo,
388 3231 447 3284 nisi
473 3229 575 3295 fallor,
607 3230 795 3295 devenimus,
828 3240 859 3285 ut
885 3239 977 3284 totam
1003 3246 1067 3282 rem
1091 3229 1134 3282 sic
1164 3229 1398 3283 constituamus:

155 3323 266 3380 Tribus
285 3326 358 3379 istae
379 3325 607 3399 imperatoriae,
642 3326 789 3390 interea,
817 3341 891 3400 quae
919 3321 1077 3378 simulacra
1107 3318 1253 3377 libertatis
1276 3322 1399 3401 Tacitus

155 3428 258 3483 vocat,
288 3429 369 3474 recte
392 3418 582 3489 referendae,
614 3421 810 3494 temporariae
835 3429 950 3473 tantum
975 3417 1112 3482 fuerunt,
1144 3415 1208 3481 vel,
1240 3417 1266 3471 si
1291 3418 1398 3482 mimis,

140 3497 333 3569 ¹honorariae
352 3522 382 3568 et
400 3514 609 3588 imaginariae,
637 3532 732 3589 neque
750 3523 861 3569 temere
881 3509 1090 3567 immiscendae
1110 3496 1239 3566 XXXV.
1261 3507 1399 3565 tribubus

154 3609 301 3682 antiquis3
331 3608 370 3663 ita
389 3608 524 3684 quidem,
545 3618 577 3663 ut
593 3626 702 3664 nomeu
721 3627 840 3674 eariuu,
862 3605 958 3663 sicubi
978 3615 1091 3670 exstat,
1113 3605 1144 3660 id
1164 3615 1225 3672 est,
1247 3605 1278 3659 in
1298 3604 1400 3658 militi-

154 3699 210 3757 bus
234 3702 386 3758 dumtaxat
405 3704 531 3778 originis
554 3700 716 3770 barbarae,
746 3702 793 3757 vel
817 3701 972 3758 libertinae
998 3699 1194 3766 conditionis,
1228 3698 1301 3753 nihil
1320 3698 1400 3754 aliud

155 3797 210 3860 sit,
245 3798 303 3852 nisi
332 3797 455 3871 adeptae
485 3797 615 3869 civitatis
644 3796 794 3852 Romanae
823 3797 975 3852 indicium.
1016 3795 1078 3851 Cur
1106 3813 1178 3852 vero
1208 3792 1316 3849 talibus
1345 3795 1398 3857 uti,
1481 3785 1484 3789 ’

154 3887 332 3965 posthabitis
358 3892 488 3967 antiquis
516 3888 669 3957 tribubus,
702 3892 749 3947 vel
775 3902 881 3965 sponte
907 3909 960 3945 sua
980 3891 1027 3947 vel
1046 3891 1193 3964 permissu
1213 3889 1401 3963 praeposito-

154 4003 222 4041 rum
241 4002 363 4040 suorum
381 3987 550 4062 potuerint,
581 3986 649 4041 inde
670 3986 878 4060 explicandum
897 3987 969 4050 erit,
1001 3984 1096 4060 quod,
1124 4003 1214 4060 quum
1234 3983 1280 4039 vel
1299 3993 1402 4058 poste·

154 4076 287 4135 rioribus
309 4078 491 4156 temporibus
513 4078 568 4136 suh
589 4066 684 4156 Iutppi
708 4080 843 4136 forumlis
864 4078 1056 4156 quibusdam,
1087 4077 1212 4147 ritihus,
1243 4078 1400 4153 impendiis

154 4192 231 4248 opus
259 4184 354 4242 esset,
388 4192 447 4250 quo
471 4176 536 4251 quis
565 4172 657 4230 tribui
685 4193 754 4230 vere
775 4174 926 4230 Romanae
952 4171 1190 4238 adscriberetur,
1225 4171 1329 4246 (cuius
1357 4174 1403 4228 rei

148 4270 280 4343 'vestigia
306 4279 467 4342 supersunt
489 4270 520 4323 in
541 4267 725 4345 Corporibus
745 4268 884 4335 Iulianis,
915 4266 1145 4345 Augustalibus,
1173 4267 1346 4322 Foederatis
1371 4268 1401 4321 in

154 4363 309 4438 Inscriptt.
325 4361 522 4436 memoratis,)
541 4364 648 4419 milites
669 4365 718 4419 isti
738 4364 785 4419 vel
803 4365 891 4418 nimis
912 4365 1018 4419 reinoti
1038 4384 1053 4418 a
1074 4362 1143 4418 sede
1163 4359 1259 4417 tribus
1278 4358 1401 4416 alieuius

154 4469 185 4513 et
204 4476 349 4531 corpore,
376 4454 427 4512 vel'
444 4468 569 4532 propter
588 4469 810 4533 permensum,
839 4457 884 4512 vel
905 4457 983 4514 aliud
1003 4457 1129 4532 denique
1150 4455 1400 4530 impedimentum,

153 4548 263 4607 talibus
283 4549 438 4606 tribulium
456 4549 598 4607 oneribus
619 4563 706 4628 atque
726 4549 833 4609 officiis
854 4552 1027 4607 satisfacere
1047 4552 1252 4626 nequiverint,
1277 4538 1402 4624 ideoque

153 4645 350 4722 praetulerint
377 4647 583 4723 imaginariam
609 4645 737 4723 aliquam
761 4644 872 4703 tribum
897 4646 1011 4702 nomini
1033 4663 1087 4701 suo
1108 4646 1257 4712 inserere,
1287 4662 1344 4720 qua
1370 4645 1402 4699 in
