3090 5116
213 730 285 845 ’1.
340 765 524 844 mnrx
556 768 756 851 annun
788 771 859 848 ur
892 771 1313 853 samnitium.

677 970 882 988 ψ

429 1189 475 1265 A.

153 1316 183 1374 A
200 1313 382 1373 bibliotheca
402 1315 521 1374 Graeca
540 1320 626 1380 2855.

153 1392 184 1448 A
202 1388 394 1448 bibliothecis
415 1396 499 1450 2929.

154 1468 183 1523 A
202 1466 299 1522 calida
322 1486 428 1525 servus
450 1471 535 1528 2898.

154 1543 182 1598 A
210 1541 375 1610 codicillis,
409 1542 457 1603 ἐπὶ
486 1547 547 1603 τῶν
575 1541 754 1606 notantur

191 1620 276 1674 2902.
300 1635 383 1694 seqq.
407 1620 491 1676 5009.
518 1643 525 1659 ·

152 1691 182 1747 A
201 1694 425 1763 commentariis
445 1690 662 1750 beneficiorum
684 1694 748 1753 794.

151 1768 182 1824 A
201 1767 426 1823 commentariis
438 1767 601 1825 custodiae
621 1770 706 1831 5464.

152 1842 181 1898 A
202 1844 426 1898 commentariis
447 1862 593 1920 equorum
612 1845 697 1901 2904.

152 1919 180 1974 A
191 1919 416 1973 curamentariis
427 1937 552 1993 operum
559 1918 750 1994 publicorum

190 1996 275 2052 5205.

151 2066 181 2124 A
205 2067 429 2124 commentariis
455 2066 593 2124 Rationis
622 2070 750 2126 vestium

190 2144 322 2199 scaenic.
344 2153 374 2198 et
392 2141 514 2219 gladiat.
534 2143 572 2211 (l)
591 2145 675 2205 2646.

152 2219 180 2274 A
201 2220 297 2292 copiis
317 2215 498 2272 militaribus
519 2220 603 2274 2922.
625 2223 710 2281 5505.

151 2292 181 2348 A
201 2291 367 2349 Corinthiis
388 2291 576 2351 1111114181.

152 2367 181 2424 A
199 2366 340 2423 cubiculo
361 2371 444 2427 1655.
467 2370 552 2426 2905.

151 2443 181 2499 A
194 2460 268 2498 cura
281 2445 447 2499 amicorum
462 2448 545 2503 1588.
561 2445 646 2504 2592.
662 2447 748 2506 2907.

151 2536 274 2650 68515111
294 2590 418 2648 catellae
438 2595 524 2651 2910.

151 2670 179 2725 A
198 2668 309 2743 laguna
331 2671 395 2727 795.

150 2745 179 2805 Α
197 2741 369 2817 lapidicinis
390 2741 539 2815 Carystiis
560 2745 646 2806 2964.

149 2820 179 2876 A
197 2817 306 2875 libellis
326 2817 409 2872 Fisci
429 2823 514 2877 5215.

149 2895 179 2951 A
197 2891 285 2963 libis
302 2890 532 2949 Pontilicalibus
548 2895 634 2954 2458.

149 2969 179 3025 A
197 2962 284 3024 libris
306 2964 551 3024 sacerdotalibus
571 2972 657 3030 2459.

150 3046 178 3101 A
197 3041 273 3099 locis
294 3041 501 3099 cubiculorum
521 3047 607 3107 2906.

150 3121 179 3177 A
196 3134 288 3173 manu
307 3124 393 3178 2755.
416 3122 501 3178 2951.

150 3194 179 3251 A
196 3192 312 3249 militiis
331 3197 417 3255 2695.
440 3198 526 3254 5560.
548 3212 633 3273 seqq.

149 3272 178 3327 A
197 3286 278 3324 novo
297 3273 458 3325 restituere
480 3271 565 3331 1064.

151 3345 178 3401 A
197 3345 403 3417 pinacothecis
422 3346 509 3403 2417.

149 3419 181 3475 A·
198 3420 321 3493 potione
343 3423 407 3479 795.

100 3542 120 3560 ,.
148 3495 179 3551 A
192 3493 424 3570 quaestionibus
444 3497 530 3556 5462.
549 3499 636 3558 5505.

150 3569 179 3624 A
198 3567 367 3626 rationibus
389 3571 472 3642 1494.
494 3574 580 3633 2986.

150 3645 179 3702 A
197 3643 366 3701 rationibus
387 3643 480 3702 cellae
499 3652 585 3706 2891.

148 3720 177 3777 A
196 3718 368 3775 rationibus
388 3723 563 3796 patrimonii
584 3723 671 3782 4175.

148 3796 178 3852 A
195 3793 366 3850 rationibus
384 3796 570 3871 voluptatum
585 3802 672 3856 2975.

147 3870 176 3927 A
196 3872 334 3927 sacrario
353 3874 437 3929 2948.

129 3947 176 4002 'A
195 3944 302 4001 studiis
322 3952 387 4006 719.

148 4020 177 4077 A
196 4020 381 4094 supellectile
398 4025 484 4081 2957.

146 4096 175 4153 A
194 4095 379 4170 supellectile
399 4097 505 4155 domus
528 4114 637 4155 aureae
660 4100 746 4157 1927.

147 4171 177 4227 A
194 4181 279 4226 veste
296 4172 361 4229 794.

146 4246 175 4303 A
194 4258 279 4302 veste
298 4252 448 4306 castrensi
468 4267 575 4307 servus
596 4253 682 4309 2857.

146 4321 175 4378 A
194 4333 277 4378 reste
297 4326 444 4381 matutina
465 4329 551 4383 2897.

145 4400 175 4452 A
193 4407 276 4453 reste
295 4400 380 4474 regia
401 4409 431 4455 et
450 4398 601 4456 Graecula
622 4399 708 4459 2969.

146 4468 195 4528 Ab
215 4474 291 4528 actis
310 4472 384 4530 Fori
404 4478 469 4533 852.
493 4478 577 4536 5868.

148 4544 196 4604 Ab
216 4550 292 4604 actis
313 4546 389 4625 Imp.
411 4547 539 4608 Traiani
558 4555 643 4612 2275.

801 1159 850 1217 Ab
871 1159 1202 1221 11111811111112274.
1224 1167 1310 1223 5186.

802 1235 850 1293 Ab
873 1236 972 1311 aegris
991 1235 1249 1294 cubiculariorum
1269 1241 1356 1300 2886.

801 1310 850 1367 Ab
871 1322 940 1367 ante
960 1331 998 1365 =
1017 1322 1085 1368 ante
1107 1313 1193 1373 4596.

801 1385 849 1442 Ab
870 1387 1015 1461 apotheca
1036 1387 1161 1444 triclinii
1182 1391 1267 1447 2889.

801 1459 849 1520 Ab
861 1464 1039 1519 auctoritate
1050 1464 1177 1519 rationis
1188 1462 1401 1522 hereditatium
1472 1526 1475 1533 ,

802 1610 851 1669 Ab
872 1631 947 1669 auro
968 1615 1086 1669 escario
1106 1615 1191 1674 2897.

802 1687 850 1744 Ah
871 1689 981 1760 cyatho
1003 1690 1088 1745 2911.

802 1761 850 1819 Ab
870 1763 1060 1837 ephemeride
1081 1766 1167 1822 2952.

800 1836 849 1893 Ab
870 1837 1007 1911 epistulis
1031 1838 1114 1913 1641.
1137 1843 1223 1896 2922.

800 1911 849 1969 Ab
870 1913 1008 1987 epistulis
1028 1914 1154 1970 Graecis
1174 1920 1265 1981 1727.
1279 1913 1379 1975 2457.

801 1987 849 2045 Ab
871 1988 1007 2062 epistulis
1028 1990 1145 2045 Latinis
1163 1994 1248 2049 2997.
1271 1993 1357 2050 5907.

800 2061 849 2120 Ab
869 2061 1021 2120 indicibus
1042 2066 1127 2125 5464.
1276 2127 1290 2137 v,

801 2137 849 2195 Ab
870 2137 965 2195 oculis
987 2139 1122 2195 medicus
1143 2139 1229 2201 4228.
1334 2182 1336 2187 -

801 2212 848 2271 Ab
869 2232 961 2289 opera
982 2213 1103 2288 publiea
1123 2214 1209 2272 4221·
1290 2217 1294 2225 ’

801 2288 849 2346 Ab
871 2301 1050 2347 ornamento
1072 2292 1271 2363 111111)765.

688 2408 691 2412 .
800 2363 849 2420 Ab
868 2367 1030 2440 unguentis
1052 2369 1137 2424 2971.

795 2438 849 2496 'Ad
870 2451 971 2515 proeat
990 2441 1076 2499 4849.

800 2513 849 2571 Ad
869 2519 981 2571 asciam
1001 2515 1170 2573 dedicatum
1191 2515 1277 2578 4468.

800 2588 849 2648 Ad
867 2586 1296 2671 1111111111111111111112895.
1311 2593 1398 2653 2895.

800 2664 849 2723 Ad
871 2684 979 2722 census
1001 2672 1084 2727 5180.

800 2740 849 2797 Ad
869 2761 988 2797 manum
1011 2748 1141 2811 (servus)
1163 2743 1248 2800 2874.

799 2815 848 2873 Ad
869 2818 1033 2892 nrargarita
1052 2822 1164 2889 (serva)
1185 2823 1271 2878 2828.

746 2936 749 2941 .
778 2889 922 2959 11111111
943 2912 1010 2948 cum
1030 2891 1096 2949 basi
1114 2894 1202 2954 4517.

798 2963 916 3023 Abacta
938 2979 1021 3024 aetas
1038 2970 1126 3027 4522.

799 3039 983 3098 Abalienare
1004 3043 1040 3100 ab
1062 3062 1094 3099 se
1114 3049 1198 3104 5675.

799 3114 894 3173 Abias
913 3122 1000 3191 (pror
1024 3116 1154 3189 Habeas)
1173 3120 1258 3180 2566.

799 3190 891 3249 Abiat
910 3191 1041 3262 (habeat)
1063 3195 1148 3252 2541.
1297 3222 1300 3229 ·

800 3266 865 3324 Abs
885 3286 952 3324 asse
972 3272 1142 3344 quaesitum
1162 3271 1247 3327 4209.

800 3343 959 3400 Abscessit
979 3351 1047 3419 (pro
1069 3344 1209 3416 decessit)
1232 3343 1297 3403 794.

799 3416 924 3494 Absque
946 3437 1038 3475 censu
1059 3421 1144 3477 4040.
1317 3485 1321 3492 ,

800 3492 924 3571 Absque
944 3497 1020 3571 reip.
1042 3496 1177 3570 impensa
1199 3501 1265 3556 151.

800 3568 963 3627 Abstinere
984 3588 1050 3627 sese
1069 3569 1258 3627 convictibus
1280 3569 1349 3632 6432

768 3650 772 3665 ²
799 3644 846 3702 Ac
861 3656 929 3701 ante
940 3646 1091 3702 vocalem:
1117 3645 1170 3704 AC
1181 3642 1318 3718 AQVAS
1331 3645 1396 3702 199.

799 3719 931 3776 Accensi
955 3721 1046 3777 velati
1081 3726 1163 3782 1568.
1198 3725 1282 3780 2155.
1312 3723 1398 3777 2182.

836 3797 921 3913 1460.
934 3815 1017 3874 seqq.
1027 3800 1112 3857 2951.
1122 3798 1206 3857 5198.
1216 3796 1302 3856 5814.
1312 3796 1396 3856 5884.

843 3877 922 3929 1500.

798 3946 930 4003 Accensi
951 3946 1041 4003 relati
1062 3948 1210 4003 immunes
1230 3948 1295 4005 111.

799 4023 956 4079 Accensus
976 4026 1061 4082 5197.

798 4097 956 4153 Accensus
980 4094 1104 4155 Consuli
1125 4100 1208 4157 1621.

798 4172 952 4229 Accentus
972 4172 1200 4233 11111114686.
1218 4171 1293 4249 Cap.
1309 4167 1396 4228 xxl.

797 4320 985 4397 Acceptores
1006 4324 1091 4385 5199.
1332 4374 1335 4379 .

797 4390 1031 4456 Α11111111141111
1054 4396 1169 4477 angelis
1188 4397 1274 4459 4608.
1296 4396 1382 4454 4724.

796 4472 962 4530 Accidere:
984 4475 1011 4531 si
1030 4476 1078 4531 cui
1097 4473 1171 4562 quid
1191 4470 1326 4529 restrtlm
1342 4472 1399 4527 bu·

836 4551 966 4605 manitus
987 4549 1133 4607 acciderit
1150 4549 1236 4609 4554.
