3090 5116
193 286 250 341 222
541 276 681 338 c.xv1.
721 278 798 338 RES
817 278 1092 339 MVNICIPALIS.
1180 331 1190 358 k

192 409 307 480 TIO.⁸)
328 409 411 470 CVM
430 410 577 470 FABIVS
595 411 607 470 ΙΙ
627 408 820 469 SEVERVS.
841 410 910 470 VIR
929 409 1203 471 AMPLISSIMVS
1224 409 1322 485 ADQ.
1346 410 1445 471 CLA-

191 503 391 563 RISSIMVS.
420 505 561 563 TANTA
586 504 764 562 PIETATE
790 504 971 579 TANTAQ.
1000 505 1260 565 ADFECTIONE
1286 506 1397 565 REMP
1428 506 1444 564 I

191 598 230 656 N.
251 598 472 657 AMPLEXVS
494 598 570 658 SIT.
590 598 702 673 ITAQ.
729 598 810 658 PRO
835 597 1009 658 MINIMIS.
1038 600 1257 675 MAXIMISQ.
1280 598 1446 659 COMMO-

191 691 259 751 DIS
278 693 369 751 PIVS
390 693 624 751 EXCVBITOR
642 693 739 766 ATQ.
761 692 910 751 OMNEM
935 693 947 752 ΙΙ
975 693 1295 753 PRAESTENTIAM
1313 692 1447 752 AVXE-

191 787 272 846 RIT.
283 788 308 864 ⁹)
329 788 385 846 VT
404 786 673 846 MANIFESTVM
694 786 770 846 SIT.
798 787 841 845 ID
860 786 947 845 EVM
972 787 1119 845 AGERE.
1140 789 1195 846 VT
1217 787 1303 847 NON
1325 785 1446 846 MODO

191 881 314 939 NORIS
340 882 352 940 ΙΙ
381 880 457 939 SED
484 880 681 940 PROXIMIS
711 880 835 955 QVOQ.
864 882 1136 941 CIVITATIBVS.
1162 881 1448 941 DECLARATVM

191 975 314 1034 VELIT
335 974 446 1033 ESSE.
469 973 507 1033 SI
524 974 610 1033 NON
629 974 818 1047 ALIQVAM
829 975 865 1052 ¹⁰)
885 976 1063 1035 PATRIAE
1089 977 1101 1036 ΙΙ
1130 973 1235 1036 SVAE
1256 976 1447 1035 GRATIAM

190 1069 245 1128 ET
273 1070 425 1128 CIVILIA
453 1068 614 1127 STVDIA.
642 1067 753 1142 QVAE
782 1069 826 1127 IN
850 1069 915 1128 EO.
946 1069 1125 1142 QVANVIS
1151 1071 1362 1130 ADMODVM
1385 1071 1448 1130 IV-

191 1164 311 1222 VENE.
338 1163 414 1222 IAM
443 1163 537 1222 SINT
563 1163 772 1223 PEIRACTA
799 1164 896 1238 ATQ.
927 1164 1150 1222 PERFECTA.
1180 1164 1233 1223 AC
1264 1164 1446 1223 SENATO·

190 1257 293 1318 RIAM
311 1256 570 1317 DIGNITATEM
589 1257 671 1317 HAC
691 1257 855 1316 MAXIME
882 1257 938 1315 EX
959 1257 1093 1316 CAVSA
1113 1257 1406 1318 CONCVPIVISSE
1429 1263 1443 1319 ΙΙ

191 1353 262 1411 VTI
287 1352 471 1412 PATRIAM
497 1351 620 1411 SVAM.
647 1352 732 1411 CVM
759 1351 971 1411 ORNATAM.
1000 1352 1088 1410 TVM
1109 1352 1163 1411 AB
1183 1352 1365 1412 OMNIBVS
1384 1353 1446 1412 IN·

191 1445 325 1506 IVRIIS.
359 1446 505 1505 TVTAM
539 1446 801 1520 DEFENSAMQ.
844 1444 1088 1505 SERVARIET.
1127 1446 1301 1506 INTERIM
1333 1447 1445 1507 APVT

191 1539 351 1600 IVDICES
372 1540 400 1597 A
420 1540 603 1600 CAESARE
624 1539 774 1598 DATOS.
801 1539 973 1598 INTERIM
998 1540 1108 1598 APVT
1127 1540 1252 1601 IPSVM
1272 1528 1446 1600 IMPERA-

191 1635 344 1694 TOREM.
379 1633 521 1694 CAVSIS
563 1635 575 1693 ΙΙ
616 1633 801 1693 PVBLICIS
840 1632 1174 1693 PATROCINANDO.
1213 1633 1322 1708 QVAS
1358 1635 1445 1695 CVM

190 1729 373 1789 IVSTITIA
398 1728 527 1787 DIVINI
552 1727 763 1787 PRINCIPIS.
792 1727 879 1786 TVM
906 1727 985 1785 SVA
1012 1726 1161 1786 EXIMIA
1185 1728 1238 1786 AC
1260 1728 1442 1790 PRVDEN!

191 1823 360 1882 TISSIMA
389 1823 609 1881 ORATIONE.
641 1821 802 1881 SEMPER
831 1821 886 1878 AD
914 1820 995 1880 NOS
1026 1821 1110 1881 CVM
1140 1822 1336 1880 VICTORIA
1360 1823 1447 1882 FIR-

191 1917 345 1979 MIORES
375 1917 553 1975 REMISIT.
582 1917 639 1975 EX
667 1915 855 1975 PROXIMO
884 1914 1004 1973 VERO.
1038 1916 1093 1974 VT
1123 1915 1447 1975 MANIFESTATVR

192 2010 441 2071 CARMINIBVS
455 2010 656 2085 LITERISQ.
665 2014 701 2082 ¹¹)
715 2009 916 2069 ANTONINI
927 2010 1023 2068 AVG.
1042 2011 1106 2068 PII.
1124 2011 1213 2069 TAM
1230 2010 1447 2070 FELICITER

190 2105 442 2164 DESIDERIVM
463 2105 668 2164 PVBLICVM
695 2105 805 2164 APVT
824 2104 912 2163 EVM
931 2103 996 2163 SIT
1021 2103 1301 2178 PROSEQVTVS.
1329 2105 1448 2163 IMPE-

191 2198 361 2257 TRANDO
385 2199 455 2257 VTI
475 2198 609 2256 CARNI.
637 2197 826 2273 CATALIQ.
852 2198 1079 2257 ADTRIBVTI
1097 2199 1127 2256 A
1154 2199 1166 2256 u
1194 2198 1293 2258 DIVO
1313 2199 1447 2258 AVGV·

192 2291 272 2352 STO
298 2292 365 2351 PIO
391 2293 506 2351 REIP.·
523 2290 715 2351 NOSTRAE
746 2292 883 2351 PROVT
914 2292 985 2367 QVI
1015 2291 1274 2352 MERVISSENT
1302 2293 1444 2352 TALIA.

190 2385 902 2463 ABSQ.12)CENSVPERAED1L1ITAT18
929 2386 1101 2447 GRADVM
1125 2387 1169 2445 IN
1195 2387 1350 2446 CVRIAM
1369 2388 1447 2447 NO-

191 2481 333 2540 STRAM
361 2480 725 2539 ADMITTERENTVR.
755 2480 809 2540 AC
839 2479 917 2538 PER
945 2479 1028 2539 Hoc
1055 2481 1282 2540 CIVITATEM
1310 2481 1446 2541 ROMA-

190 2576 282 2634 NAM
300 2576 314 2633 II
332 2574 693 2633 ADIPISCERENTVR.
713 2575 766 2632 ET
783 2573 999 2634 AERARIVM
1017 2573 1215 2633 NOSTRVM
1232 2575 1308 2634 IAM
1326 2576 1446 2634 DITA-

192 2670 281 2728 TVM
308 2668 553 2728 COMPLEVIT.
580 2669 633 2726 ET
660 2667 899 2728 VNIVERSAM
923 2668 960 2726 R.
987 2665 1023 2727 P.
1048 2669 1077 2727 N
1105 2669 1117 2728 ΙΙ
1149 2669 1234 2727 CVM
1258 2668 1312 2727 EO
1339 2669 1447 2728 MOE-

191 2761 875 2838 Nssst³)AMPL1AV1T.ADM1TTENDO
903 2763 958 2821 AD
980 2762 1183 2822 BONORVM
1208 2762 1447 2822 COMMVNIO·

46 2855 48 2864 ’
157 2859 160 2864 ’
191 2857 280 2915 NEM
300 2858 353 2914 ET
372 2855 692 2915 VSVRPATIONEM
718 2855 937 2915 ROIIMANAE
965 2855 1182 2915 CIVITATIS.
1209 2856 1310 2932 VT24)
1330 2857 1447 2916 OPTI-

192 2951 286 3010 MVM
313 2951 367 3008 ET
398 2950 786 3010 LOCVPLETISSIMVM
806 2937 1025 3023 QVENQVE.
1058 2951 1113 3009 VT
1144 2950 1329 3009 SCILICET
1361 2951 1446 3024 QVI.

134 3039 139 3055 ’
194 3044 295 3102 OLIM
314 3045 451 3102 ERANT
474 3045 486 3103 n
509 3042 682 3102 TAN'IVM
700 3045 744 3103 IN
762 3043 943 3102 REDDITV
962 3033 1209 3104 PECVNIARIO
1228 3045 1241 3104 ΙΙ
1258 3044 1370 3104 NVNC
1389 3045 1447 3105 ΕΤ

191 3139 236 3197 IN
260 3139 357 3197 ILLO
386 3138 477 3196 IPSO
505 3138 669 3197 DVPLICI
694 3138 851 3211 QVIDEM
875 3138 952 3196 PER
975 3137 1243 3197 HONORARIAE
1272 3141 1285 3199 ΙΙ
1312 3139 1448 3198 NVME-

191 3232 408 3292 RATIONEM
439 3231 735 3309 REPERIANTVR.
766 3232 820 3290 VT
850 3233 902 3290 ET
935 3231 1014 3290 IPSI
1045 3231 1151 3290 SINT.
1182 3233 1265 3292 CVM
1294 3232 1447 3307 QVIBVS

71 3396 73 3408 Ι
191 3327 364 3387 MVNERA
395 3325 722 3383 DECVRIONATVS.
753 3326 808 3383 V'F
831 3322 975 3385 PAVCIS
1003 3327 1016 3384 ΙΙ
1043 3327 1120 3383 IAM
1153 3326 1344 3386 ONEROSA
1370 3327 1448 3386 HO-
1515 3321 1517 3325 ⁷

191 3421 325 3481 NESTE
352 3420 405 3478 DE
428 3418 564 3477 PLANO
586 3418 921 3478 COMPARTIAMVR.
943 3420 999 3477 AD
1024 3419 1141 3480 CVIVS
1163 3420 1321 3494 QVIDEM
1343 3422 1448 3481 GRA-

192 3515 297 3574 TIAM
316 3512 555 3571 HABENDAM.
576 3513 631 3572 VT
648 3513 661 3571 ΙΙ
679 3512 722 3570 ΙΝ
742 3511 899 3571 SECVLA
918 3513 1227 3572 PERMANSVRAM
1246 3513 1457 3582 EIVSMODI

193 3596 408 3669 BENEFICIO
430 3606 714 3666 OPORTVERAT.
737 3605 905 3680 QVIDEM.
927 3606 964 3666 SI
983 3608 1089 3666 FIERI
1109 3607 1276 3667 POSSET.
1301 3608 1353 3668 AC
1374 3609 1446 3670 SII

192 3701 453 3762 VERECVNDIA
488 3699 721 3759 CLARISSIMI
752 3701 837 3758 VIRI
873 3701 1174 3760 PERMITTERET.
1214 3702 1447 3764 VNIVERSOS

191 3797 273 3856 NOS
293 3793 541 3868 NOBILIVM15)
561 3795 627 3851 IRE
650 3795 704 3852 ET
719 3794 879 3853 GRATIS.
895 3795 1137 3855 LEGITIIMAS
1157 3798 1193 3854 L.
1209 3795 1293 3872 L.¹⁶)
1313 3797 1449 3857 IVXTA

193 3890 383 3950 OPTIMVM
411 3887 631 3946 PRINCIPEM
660 3888 806 3946 AGERE.
838 3888 915 3947 SED
944 3888 1134 3962 QVONIAM
1167 3890 1333 3948 CERTVM
1366 3891 1449 3951 EST

191 3984 326 4043 NOBIS.
348 3981 571 4042 ONEROSVM
587 3981 599 4039 ΙΙ
620 3982 661 4040 ΕΙ
680 3982 875 4041 FVTVRVM
895 3984 1003 4041 TALE
1022 3982 1219 4042 NOSTRVM
1240 3982 1447 4045 OFFICIVM.

191 4079 316 4138 ILLVD
355 4077 486 4136 CERTE
526 4075 710 4133 PROXIME
747 4077 863 4134 FIERI.
905 4076 1128 4135 OPORTVNO
1168 4078 1393 4138 TRIVMPHO.
1409 4079 1448 4156 ¹⁷)

193 4173 391 4234 STATVAM
421 4172 463 4228 EI
493 4170 695 4229 AVRATAM
727 4170 985 4243 EQVESTREM.
1021 4172 1148 4231 PRIMO
1182 4173 1307 4246 QVOQ.
1343 4173 1449 4232 TEM-
1527 4190 1531 4197 ’

192 4269 309 4327 PORE.
332 4267 375 4323 IN
401 4264 688 4322 CELEBERRIMA
713 4264 906 4322 NOSTRAE
932 4265 1050 4323 VRBIS
1077 4266 1229 4324 PARITE
1255 4266 1364 4325 PONI.
1392 4267 1448 4326 ET
1470 4256 1472 4260 ¹

192 4364 235 4422 IN
268 4360 360 4419 BASI
388 4358 480 4417 EIVS
512 4357 622 4416 HANG
651 4357 849 4417 NOSTRAM
884 4358 1200 4418 CONSENSIONEM
1232 4359 1329 4433 ATQ.
1362 4360 1447 4422 HOC

192 4454 416 4518 DECRETVM
443 4452 620 4510 INSCRIBI
653 4451 666 4510 ΙΙ
700 4453 771 4510 V'rl
801 4452 857 4509 AD
890 4452 1103 4511 POSTEROS
1134 4453 1324 4512 NOSTROS
1356 4455 1448 4514 TAM

193 4547 413 4611 VOLVNTAS
441 4545 679 4605 AMPLISSIMI
708 4547 802 4605 VIRI.
840 4546 957 4620 QVAM
984 4547 1122 4605 FACTA
1152 4547 1445 4607 PERMANEANT.

192 4645 314 4719 PETIQ
358 4644 371 4703 ΙΙ
413 4642 442 4698 A
473 4640 607 4699 FABIO.
651 4640 748 4698 VIRO
787 4640 977 4700 EGREGIO.
1021 4641 1157 4701 PATRE
1194 4641 1350 4701 SEVERI.
1386 4643 1447 4703 ’ΥΤ
