3090 5116
195 276 252 340 sva
363 246 366 250 ’
590 275 625 333 c.
645 273 731 334 axi.
766 272 1046 336 aaoauavcuu
1123 304 1129 329 .

271 408 355 470 naa.
384 404 426 466 u.
447 403 607 465 rvsttct
624 404 795 465 navam
877 384 884 407 '

383 498 440 560 EX
459 500 561 558 OFFI.
583 499 792 559 DOLuAtttA

496 590 676 652 statutus,
708 623 738 641 υ-
772 591 821 654 Ad
838 592 876 651 D.
897 592 1051 660 Priaeaa.;
1079 591 1158 670 qnod
1178 594 1214 649 nt
1235 590 1380 650 ineditam
1407 608 1448 650 ex

195 686 295 746 Donio
313 687 363 746 dat
381 686 460 746 Mur.
481 691 551 757 501,
572 687 617 746 tt.
640 689 761 745 inverso
779 705 920 747 versuum
938 687 1060 744 ordine:
1306 716 1308 720 ·

495 779 665 839 statutus

382 874 439 933 EX
462 874 564 932 OFFI.
584 872 793 931 DOLEARIA

365 967 407 1028 hl.
429 968 600 1027 PVBLICI.
620 967 801 1025 tauvsttl.
830 998 861 1012 ··
898 967 1011 1025 Eodem
1036 969 1156 1024 nomine
1179 964 1235 1022 cir.
1260 961 1351 1023 Febr.
1373 968 1444 1037 502,

196 1065 243 1125 89.
270 1082 338 1120 cum
357 1062 436 1120 lllur.
459 1069 528 1132 505,
552 1067 581 1122 9.
620 1060 711 1120 Fabr.
732 1068 804 1131 502,
826 1069 878 1131 78,
900 1067 947 1123 79.
974 1081 1043 1118 cum
1068 1061 1147 1118 atur.
1173 1061 1245 1127 1196,
1272 1063 1301 1118 9.
1340 1058 1445 1117 Foede

192 1169 356 1232 corruptae
375 1168 445 1214 sunt
466 1155 544 1214 haud
565 1176 677 1232 paucae
700 1158 912 1235 inscriptiones
934 1154 1120 1233 figlinarum:
1144 1153 1340 1231 „plerumque
1361 1155 1445 1211 enim

194 1250 276 1308 haud
293 1250 379 1310 facilc
399 1262 445 1309 est
462 1250 564 1308 literas
584 1270 622 1308 ex
641 1252 771 1327 antiquis
795 1248 938 1308 lateribus
965 1252 1103 1326 excipere
1112 1249 1143 1319 '',
1170 1250 1212 1305 ait
1232 1247 1384 1307 Oliverius
1403 1247 1445 1302 ad

195 1346 306 1402 Pisaar.
327 1365 357 1422 p.
381 1353 445 1407 187.

269 1461 294 1528 §.
314 1466 361 1520 25.
389 1457 443 1517 DE
463 1458 544 1516 ΕΒΑ
563 1455 830 1516 HISPANORVM
848 1456 892 1513 IN
909 1455 1029 1516 SAXIS
1047 1451 1175 1512 SAEPE
1192 1452 1438 1513 montosam

193 1552 241 1611 Ex
260 1552 394 1628 Epistola
418 1558 464 1615 55.
489 1554 562 1609 anni
587 1557 670 1613 1712.
691 1551 729 1608 ad
749 1551 809 1608 Iac.
833 1551 944 1609 Christ.
964 1550 1117 1609 Bechium.
1159 1549 1259 1607 Variis
1282 1546 1444 1615 doctorum

194 1646 386 1721 opinionibus
404 1645 440 1702 de
457 1647 574 1722 origiue
590 1656 619 1702 et
635 1647 785 1719 scriptura
800 1646 887 1701 huius
904 1641 1041 1702 vocabuli
1057 1645 1225 1714 recensitis,
1247 1640 1355 1721 quibus
1376 1644 1442 1719 ipsc

196 1739 278 1797 addit
297 1758 397 1807 suani,
421 1739 500 1796 idem
524 1740 646 1795 omnino
667 1738 738 1795 illud
758 1757 823 1796 esse
842 1758 910 1795 omn
929 1740 1100 1816 gemnanico
1118 1737 1239 1806 law),
1264 1738 1305 1793 ita
1324 1739 1441 1814 pergite

269 1833 375 1890 ERAE
400 1831 577 1890 vocabulum
596 1831 715 1909 quando
734 1834 767 1889 in
786 1851 873 1888 usum
892 1832 1097 1908 Hispanorum
1115 1831 1221 1887 Latine
1242 1828 1442 1888 scribentium

194 1927 325 2005 primum
352 1927 485 1995 venerit,
517 1926 677 1982 nescimus.
724 1924 850 1984 Vossius
877 1945 944 1982 cum
970 1923 1154 2001 Sepulveda,
1181 1926 1241 1981 iam
1266 1942 1348 1983 anno
1373 1934 1458 1991 ante,

196 2019 348 2076 Christum
371 2030 474 2077 natum
495 2016 668 2075 XXXVIII.
678 2016 741 2086 ⁹⁹),
774 2039 790 2076 a
817 2039 876 2096 quo
906 2039 984 2095 anqo
1010 2020 1089 2076 Erae
1114 2017 1295 2094 llispanicae
1324 2018 1444 2075 initium

194 2115 409 2171 numerationis
427 2113 555 2182 ducitur,
576 2115 665 2169 etiam
682 2111 818 2170 vocabuli
835 2114 911 2170 Erae
930 2115 1047 2170 initium
1063 2113 1325 2180 duxissa-frustra
1342 2122 1443 2169 tannen

195 2217 224 2264 et
240 2210 305 2263 sine
323 2218 409 2276 teste,
435 2207 550 2263 videtur
570 2207 733 2263 censuisse.
769 2206 922 2285 Quotquot
941 2207 1038 2290 adhuc
1054 2207 1232 2283 prodierunt
1249 2215 1443 2264 monumenta

195 2303 327 2378 antiqua,
349 2303 381 2358 in
397 2298 505 2377 quibus
525 2301 611 2357 huius
632 2302 677 2357 rei
695 2302 837 2361 memoria
856 2312 1033 2358 conservata
1048 2302 1180 2378 legitur,
1202 2300 1444 2359 Christianorum

137 2412 139 2419 ·
196 2399 294 2452 omnia
313 2407 399 2463 sunt.
421 2413 517 2472 neque
536 2413 639 2450 eorum
659 2394 751 2451 ullum
770 2394 872 2452 seculo
893 2383 963 2471 post
980 2394 1131 2452 Christum
1149 2406 1252 2452 natum
1272 2397 1378 2473 quinto
1397 2404 1444 2452 est

195 2491 363 2566 antiquius3
394 2499 426 2544 ut
450 2507 512 2545 non
534 2498 643 2545 temere
669 2490 801 2565 suspicio
827 2489 958 2558 oriatur,
983 2487 1020 2545 ab
1042 2487 1220 2545 Christianis
1243 2488 1275 2545 in
1295 2488 1443 2565 Hispania

194 2585 327 2659 primum
344 2583 431 2639 huius
453 2584 535 2639 vocis
554 2600 640 2638 usum
659 2593 797 2659 coeptum
822 2600 887 2640 esse
913 2583 1060 2639 inveniri:
1091 2600 1179 2658 quain
1204 2599 1310 2640 vocem
1333 2592 1443 2660 postes

197 2676 317 2755 quidam
338 2678 403 2733 iure
427 2695 465 2733 aa
488 2677 596 2732 iniuria
624 2673 661 2732 ah
686 2695 752 2730 aere
771 2695 861 2753 quum
886 2675 1050 2733 derivatam
1076 2674 1236 2733 crederent
1257 2672 1444 2734 scriberent·

196 2788 270 2846 que,
294 2759 423 2847 id'quod
444 2787 481 2827 ex
500 2770 609 2827 Isidori
626 2768 813 2845 Hispalensls
830 2767 1004 2845 Originibus
1025 2771 1097 2826 satis
1115 2781 1249 2838 constat,
1273 2770 1318 2827 nil
1334 2772 1443 2839 miror,

196 2861 234 2919 ab
255 2860 387 2920 hbrariis
408 2860 573 2921 senioribus
593 2880 672 2919 nunc
691 2863 795 2931 Eram,
819 2882 899 2921 nunc
920 2867 1027 2917 Aetam
1047 2861 1141 2920 scribi
1163 2864 1280 2920 solitam
1302 2881 1387 2934 esse;
1413 2872 1446 2921 at

197 2955 362 3014 Christiani
381 2959 439 3033 ipsi
462 2959 493 3015 in
515 2958 714 3013 monumentis
737 2956 862 3032 lapideis
885 2959 1007 3014 nonnisi
1028 2957 1142 3015 Eunu
1161 2957 1254 3015 incidi
1275 2975 1369 3037 quum
1389 2974 1445 3015 cu·

195 3053 309 3119 rariut,
340 3051 524 3128 diphthongo
550 3051 604 3108 All
631 3052 664 3107 in
687 3053 771 3108 vocis
796 3052 882 3109 initio
907 3052 1039 3108 studiose
1064 3053 1174 3122 vitata,
1205 3070 1260 3109 eur
1285 3052 1443 3127 cumipse

196 3162 301 3225 eorum
320 3162 394 3201 voce
409 3163 472 3203 non
488 3146 576 3204 etiam
592 3143 755 3203 eorundem
770 3134 854 3201 vocis
870 3146 958 3202 huius
979 3145 1223 3223 orthographiam
1238 3143 1443 3205 relineamns?

196 3238 264 3308 (afr.
281 3249 379 3293 tamen
391 3238 431 3295 N.
447 3242 546 3308 taso.)
564 3237 629 3296 lam
640 3237 765 3314 lapides,
782 3240 814 3296 in
827 3236 934 3316 quibus
949 3238 1029 3295 utta
1042 3257 1097 3314 per
1109 3239 1134 3296 E
1148 3239 1263 3315 sculpta
1276 3241 1441 3315 reperitur,

197 3329 334 3407 Scaliger
347 3331 407 3385 Lib.
421 3330 459 3389 V.
476 3330 591 3387 Emend.
606 3332 701 3405 Pomp.
717 3351 747 3409 p.
763 3335 829 3394 lld.
852 3344 992 3409 quattuor
1005 3333 1145 3413 protulit,
1167 3351 1271 3410 quoae
1286 3331 1442 3411 scaligero

197 3443 252 3482 suo
267 3424 502 3500 Inscriptionum
519 3422 707 3502 Syntagmati
726 3425 824 3483 intulit
842 3425 998 3483 lleinesius
1016 3426 1110 3483 Class.
1125 3426 1197 3483 XX.
1217 3445 1248 3483 n.
1266 3429 1321 3486 ttv
1332 3428 1442 3487 450.

196 3530 282 3575 ratus
306 3521 337 3575 in
360 3518 492 3583 Grutero
518 3536 580 3575 non
602 3521 747 3594 reperiri:
774 3521 967 3594 reperiuntur
991 3530 1089 3575 tamen
1115 3520 1190 3587 duo;
1221 3538 1290 3577 nam
1315 3519 1439 3578 lleines.

195 3610 268 3670 XX.
284 3613 350 3671 tlt.
364 3615 425 3668 iam
437 3622 502 3668 erat
516 3614 547 3668 in
562 3612 650 3669 Grut.
666 3616 749 3683 tots,
765 3618 792 3672 5.
808 3615 878 3670 item
890 3612 976 3670 llein.
991 3612 1063 3669 XX.
1077 3615 1142 3673 tto.
1161 3615 1195 3697 in
1206 3613 1293 3671 Grnt.
1309 3618 1395 3683 1055,
1410 3617 1441 3672 9.

272 3704 397 3763 Gruteri
416 3704 589 3763 Thesaurus
608 3705 682 3763 alios
700 3717 856 3782 praeterea
877 3723 932 3763 sex
949 3704 1039 3764 habet
1055 3707 1187 3783 lapides,
1210 3725 1285 3787 qnos
1303 3706 1442 3764 Indicum

198 3796 296 3872 Caput
316 3803 363 3858 19.
390 3817 452 3858 non
471 3798 618 3869 ostendit,
645 3799 774 3857 ostendit
792 3818 864 3856 sane
884 3801 980 3876 Caput
998 3805 1045 3861 21.
1072 3801 1205 3879 Vtraque
1231 3800 1321 3859 editio
1342 3811 1443 3859 antem

143 3890 146 3895 '
197 3909 288 3970 quum
306 3895 447 3968 proprios
468 3906 588 3950 errores
607 3911 677 3951 suos
698 3896 729 3952 in
748 3896 805 3951 hoc
821 3893 918 3959 indica
931 3892 1057 3964 habeat,
1079 3896 1119 3954 ita
1134 3906 1180 3953 est
1196 3894 1443 3974 concinnandusp

316 3986 399 4043 ΕΒΑ
424 3984 507 4044 Dlll.
531 3991 620 4056 iot9,
642 3993 670 4049 5.

346 4110 363 4126 .
419 4078 587 4138 nxtvm.
611 4085 700 4150 iota,
721 4086 751 4157 a„

231 4316 254 4383 ⁸)
279 4320 412 4365 Admodum
430 4323 563 4378 probabilis
582 4328 619 4368 est
636 4325 694 4370 haec
713 4329 866 4382 coniectura,
885 4328 967 4372 nescio
986 4341 1016 4372 sin
1034 4329 1089 4373 aliis
1107 4328 1181 4372 etiam
1198 4325 1314 4383 subnata,
1333 4298 1448 4384 praescr-⁵

98 4442 102 4449 Ι
195 4392 240 4434 tim
266 4388 306 4434 nbi
332 4391 443 4437 conferas
462 4393 596 4438 Gothorum
614 4392 673 4452 dtr,
694 4395 768 4454 sero,
794 4409 885 4441 annua.
911 4421 944 4431 -
981 4397 1046 4442 ttaee
1068 4398 1214 4453 scripseram
1237 4403 1291 4445 ante
1314 4396 1361 4443 bos
1384 4398 1449 4444 alnos

196 4473 282 4507 annos.
322 4456 389 4503 Nune
408 4463 490 4507 canter
509 4463 587 4529 ldelee
599 4459 744 4515 handburt
761 4463 807 4510 der
824 4461 989 4525 Chronologia
1008 4465 1032 4510 2.
1059 4480 1082 4522 p.
1104 4464 1180 4522 249,
1206 4470 1266 4514 unde
1291 4466 1359 4513 vites
1382 4467 1447 4513 bna·

197 4531 281 4575 Virum
299 4527 465 4601 doctissimum
483 4538 538 4588 pont
554 4532 719 4579 Mutationem
738 4535 863 4593 Mondcjnr·
880 4536 943 4581 idem
960 4549 1061 4592 prorsas
1079 4550 1189 4583 censere.

231 4637 260 4694 “)
278 4630 575 4701 Vidah'ortdsodrpior
591 4639 630 4682 loa
648 4638 728 4686 dotes.
759 4613 919 4687 ttamtldta
944 4641 1025 4688 Paris.
1041 4639 1117 4688 18¹8.
1138 4643 1211 4688 Tou.
1231 4641 1256 4690 1.
1275 4656 1301 4702 p.
1317 4640 1363 4692 59.
1394 4642 1447 4693 0⁸·
